3280 5100
1383 317 1423 380 81

291 506 523 599 Megarensium
541 510 608 574 ludi
626 509 658 574 in
677 509 781 574 titulis
805 511 928 594 saepius
952 514 1236 578 commemorantur
1258 511 1310 596 (σί.
1327 531 1423 592 apoc·
1506 527 1547 570 s

180 615 263 694 δρία
285 615 322 694 ἐμ
338 619 419 681 πᾶσι
433 618 502 679 τοῖς
519 615 643 690 ἀγῶσιν
658 612 708 678 οἷς
724 612 745 676 ἁ
761 613 854 678 πόλις
870 614 970 691 τίθητι
986 615 1028 679 Le
1045 615 1261 681 Bas-Fouoart
1278 617 1329 692 29,
1343 613 1385 678 30
1394 633 1424 691 ο,

179 717 247 802 34;
270 719 379 784 miton.
404 718 488 782 dd.
512 717 596 782 arch.
621 715 701 782 lust.
724 716 804 780 VIII
836 717 923 797 185).
969 719 1082 782 Aretae
1112 719 1275 784 cuiusdam
1301 718 1427 787 donatio

179 822 272 900 πρὸς
294 822 353 886 τὸν
376 819 486 896 ἀγῶνα
514 821 572 884 τὸν
594 821 758 898 τιθέμενον
781 820 816 884 ἐν
838 823 876 901 τῇ
901 822 999 905 θυσίᾳ
1020 828 1058 906 τῇ
1074 821 1299 886 Ποσειδωνίου
1323 823 1426 904 Aego-

179 922 304 988 sthenis
326 922 443 1004 legitur
466 923 498 988 in
514 921 609 988 titulo
628 922 749 988 saeculo
766 923 859 987 tertio
880 925 999 1006 scripto
1026 925 1081 1006 (Le
1097 925 1310 990 Bas-Foncart
1326 924 1425 1006 2ίιο).

180 1029 225 1091 de
263 1029 436 1090 ceterarum
483 1024 632 1094 Graeciae
669 1025 795 1090 urbium
840 1025 948 1091 diebus
993 1027 1082 1092 lestis
1128 1047 1198 1093 cum
1237 1027 1302 1092 fere
1345 1026 1426 1092 nihil

180 1129 357 1194 memoriae
379 1129 532 1194 traditum
556 1130 597 1194 sit
609 1129 646 1210 ¹),
682 1128 721 1194 ad
752 1128 996 1194 Atheniensium
1019 1129 1211 1211 Delphorum
1240 1132 1426 1196 Boeotorum

180 1232 303 1300 ludos
301 1235 517 1305 tractandost
519 1249 644 1312 ranseo,
675 1251 751 1314 quoe
775 1232 949 1298 accuratius
974 1232 1113 1316 cognitos
1136 1233 1296 1298 habemus

279 1353 428 1454 Athenis
452 1352 622 1442 Alexandri
656 1354 760 1418 aetate
784 1354 929 1418 ludorum
951 1354 1103 1419 rationem
1136 1371 1197 1417 non
1224 1353 1374 1418 statim
1364 1374 1425 1418 nn-
1475 1353 1496 1387 “
1513 1331 1518 1340 ’

182 1459 280 1523 muta
279 1429 385 1524 tarn
371 1474 437 1520 esse
466 1459 709 1522 consentaneum
732 1457 789 1523 est.
830 1476 940 1540 neque,
971 1461 997 1522 si
1028 1458 1156 1524 insitum
1186 1458 1275 1540 genti
1249 1459 1428 1524 ttAticae

183 1559 440 1642 spectaculorum
473 1559 612 1624 studIum
646 1561 836 1647 respexerIs,
875 1580 1040 1626 numerum
1078 1562 1286 1626 certaminum
1324 1561 1427 1627 subito

184 1663 395 1729 imminutum
412 1681 479 1728 esse
501 1663 629 1744 putabis
640 1664 677 1745 ²),
696 1665 793 1728 Immo
821 1663 935 1728 sensim
953 1663 1065 1744 opibus
1088 1663 1305 1729 deficientibus
1332 1663 1428 1729 simul

185 1766 387 1851 splendorem
403 1765 662 1830 commissionum
684 1765 855 1830 decreuisse
871 1783 926 1848 per
941 1786 973 1830 se
992 1768 1089 1848 patet.
1122 1770 1210 1832 erant
1229 1767 1312 1832 enim
1331 1768 1426 1833 etlam
1480 1759 1485 1849 ,ί

184 1874 259 1934 tum
297 1869 476 1934 liberalium
500 1871 617 1934 artium
641 1868 729 1933 sedes
750 1869 914 1948 Athenae,
953 1869 1081 1952 uigebat
1111 1871 1156 1935 ibi
1188 1873 1282 1935 tertio
1306 1888 1426 1952 quoque
1480 1854 1486 1955 λ

189 1972 319 2038 saeculo
341 1973 554 2054 philosophiae
577 1973 728 2049 studium,
751 1972 885 2038 florebat
908 1991 990 2043 nova
1012 1991 1089 2055 quae
1113 1974 1228 2039 dicitnr
1251 1975 1426 2040 comoedia:
1484 1966 1489 2039 ί

183 2093 287 2158 neque
309 2076 416 2140 temen
437 2079 475 2140 ut
490 2076 583 2140 antea
605 2074 682 2140 illuc
700 2075 763 2140 iam
786 2075 1014 2140 conveniebant
1037 2093 1073 2141 er
1088 2077 1232 2146 omnibus
1248 2077 1426 2161 regionibus
1489 2070 1494 2162 ’1

185 2171 307 2244 sdmmi
330 2173 449 2261 poetae,
474 2179 591 2243 summi
603 2177 791 2268 'histrIones,
808 2178 961 2260 praeclari
984 2179 1118 2244 artifices
1141 2180 1264 2258 musici,
1281 2181 1335 2268 qui
1357 2181 1427 2245 tum
1495 2259 1502 2270 ‚

185 2281 262 2347 aliis
274 2279 361 2358 locis,
373 2282 407 2346 in
419 2281 599 2348 Macedonia
608 2281 755 2364 Pergami
767 2271 973 2347 Alexandriae
986 2283 1120 2366 glorIam
1132 2282 1192 2348 sibi
1204 2302 1312 2365 parare
1325 2284 1426 2366 cupie-

190 2446 397 2454 ———-—-

281 2543 305 2608 ¹)
315 2539 405 2594 Patris
415 2539 508 2593 odeum
519 2538 733 2608 pulcherrimum
745 2541 825 2610 paulo
835 2541 897 2610 post
906 2539 1046 2595 Gallorum
1057 2542 1193 2598 Incursum
1204 2542 1360 2596 extructam
1370 2558 1427 2598 esse

185 2630 307 2683 testatur
325 2627 405 2681 Paus.
425 2626 478 2681 VII
497 2630 538 2691 20,
557 2632 583 2692 3,
601 2626 636 2679 cl.
651 2627 777 2682 Wieseler
796 2628 816 2680 l.
835 2643 856 2680 ο.
876 2632 962 2695 ρ.201
983 2626 1045 2680 adn.
1066 2631 1115 2678 124
1123 2644 1146 2679 a.
1165 2623 1273 2694 Opunte
1292 2629 1426 2684 scaenicos

184 2717 235 2770 aut
263 2715 377 2768 musIcos
405 2727 505 2781 agones
541 2712 647 2766 habitos
674 2729 731 2766 esee
764 2714 840 2766 dccet
869 2713 1004 2766 artificum
1035 2711 1257 2780 Dionysiacorum
1275 2715 1421 2767 'decretum

184 2804 267 2857 antea
285 2801 400 2853 citatum
418 2797 529 2866 Ephem.
547 2799 620 2852 arch.
640 2815 689 2858 aar.
708 2799 737 2854 11
755 2801 843 2864 (1874)
864 2815 890 2853 ιι.
910 2805 968 2852 443.
988 2799 1110 2856 Eretriae
1128 2803 1146 2868 ἡ
1166 2803 1265 2868 πομπὴ
1285 2806 1337 2855 τοθ
1357 2801 1425 2855 Δια·

185 2890 277 2944 νύσου
297 2888 325 2939 at
347 2886 422 2938 chori
440 2887 683 2938 commemorantur
711 2885 738 2940 in
767 2885 849 2938 titnlo
869 2885 930 2940 CIG
947 2892 1016 2940 2144
1047 2887 1251 2954 (Dittenberger
1269 2887 1335 2955 Syll.
1354 2891 1424 2952 201),

185 2991 267 3045 quem
283 2971 389 3027 Boeclrh
408 2975 436 3024 et
455 2969 646 3038 Dittonberger
664 2970 699 3022 ad
716 2987 816 3024 annum
839 2971 876 3023 ol.
898 2976 956 3036 llo,
973 2977 990 3024 4
1010 2975 1101 3042 (19713
1119 2990 1143 3026 a.
1155 2972 1230 3038 Chr.)
1248 2973 1425 3042 rettulerunt,

185 3059 367 3116 Wilemowita
378 3057 541 3126 (AntIgonos
554 3072 578 3108 v.
589 3055 718 3124 Karystos
736 3073 761 3125 p.
774 3061 821 3108 101
832 3056 905 3124 adn.)
918 3057 1031 3110 fortasse
1048 3059 1148 3112 rectius
1167 3059 1200 3112 ad
1219 3075 1320 3112 anuum
1339 3065 1389 3113 313
1400 3077 1425 3122 a,

185 3149 263 3212 Chr.;
290 3147 394 3215 praeter
413 3143 542 3212 Dionysia
569 3142 690 3196 Eretriae
717 3143 872 3198 nominatur
899 3144 983 3196 etiem
1011 3145 1199 3214 Ἀρτεμισίων
1227 3147 1342 3212 ὁθγῶν
1369 3152 1424 3215 τῆς,

184 3234 325 3304 πυρρίχης
343 3231 483 3300 (Rangabd
501 3231 566 3284 Ant.
577 3228 641 3284 hell.
660 3232 730 3296 689).
759 3230 859 3284 titulus
877 3231 1046 3300 agonisticus
1059 3231 1186 3302 'I'amyuis
1204 3233 1331 3288 inventur
1350 3234 1423 3288 infra

185 3322 329 3376 adteretur.
348 3317 541 3382 Macedoniam,
551 3317 662 3382 insulas,
675 3317 768 3371 Asiam
781 3320 920 3384 minorem,
934 3318 1050 3388 Syriam,
1063 3320 1218 3389 Aegyptum
1230 3336 1302 3374 nunc
1313 3321 1424 3388 omitto,

186 3425 220 3462 ne
237 3406 319 3460 huius
337 3405 432 3474 capItis
450 3405 516 3458 fines
534 3405 618 3458 nimis
636 3405 791 3468 extendam
809 3406 926 3474 amplam
945 3407 1092 3472 materiam,
1114 3423 1202 3476 ‘quam
1229 3421 1307 3459 nemo
1336 3407 1424 3460 adhuc

185 3498 263 3565 pleuc
293 3492 422 3548 tractavit
448 3521 482 3532 -
509 3507 593 3559 neque
627 3493 700 3546 enim
734 3493 889 3548 satisfacere
918 3497 1050 3562 possunt,
1080 3509 1147 3561 quae
1178 3491 1279 3546 Addere
1309 3493 1428 3548 Fouoart

186 3581 312 3636 Wieaeler
330 3581 359 3634 G.
378 3578 407 3632 θ’.
425 3577 561 3634 Hermann
589 3578 631 3632 his
649 3579 684 3632 de
702 3579 782 3633 rebus
800 3581 829 3632 in
847 3579 926 3633 libris
958 3581 1063 3646 saepius
1087 3579 1179 3632 citatis
1197 3578 1425 3647 protulerunt-
1470 3575 1472 3581 '

185 3668 240 3722 alio
260 3672 378 3734 tempore
395 3667 581 3733 propositurus
599 3683 668 3719 sum.

289 3775 310 3836 ²)
330 3769 537 3837 Nonnumquam
555 3771 636 3823 etiam
655 3771 760 3838 praeter
778 3769 893 3824 usitatos
910 3785 1015 3839 agonas
1033 3769 1141 3824 addItos
1161 3785 1217 3824 esse
1236 3771 1303 3825 alios
1316 3772 1425 3827 demon·

186 3860 257 3912 strat
287 3855 384 3908 titulus
413 3853 472 3907 CIA
499 3855 528 3909 II
556 3855 653 3919 314,1
672 3859 706 3907 40
718 3871 772 3922 sq.:
792 3853 980 3922 ἀγωνοθέτης
998 3857 1044 3910 ἐπὶ
1063 3856 1165 3910 Ἰσαίου
1180 3858 1319 3924 ἄρχοντος
1325 3895 1420 3910 ......

185 3946 318 4002 ἐπίθετον
337 3941 437 4007 ἀγῶνα
455 3941 667 3996 κατεσκεύασεν
684 3946 720 4009 τι]
740 3941 873 4009 Δήμητρι
901 3944 947 3996 καί
974 3948 1010 4010 τῇ
1032 3943 1107 4011 Κόρη
1133 3947 1248 4010 πρῶτος
1266 3943 1421 4010 ὑπόμνημα

184 4039 236 4101 τῆς
254 4035 306 4094 eoo
326 4027 418 4094 δήμου
438 4024 598 4095 ἐλευθερίας
619 4025 664 4090 (ol.
685 4032 742 4091 123,
762 4033 823 4080 3--
834 4027 1044 4092 2831530111,
1073 4027 1105 4081 cf.
1136 4026 1330 4096 Dittenberger
1357 4029 1425 4098 Syll.

187 4126 253 4186 143,
281 4113 460 4171 Wilamowitz
494 4113 514 4167 l.
542 4129 564 4168 c.
591 4129 617 4181 p
645 4116 714 4180 ado).
761 4131 785 4166 a
811 4113 846 4166 ol.
875 4118 941 4179 122,
970 4119 986 4167 3
1013 4118 1075 4180 (290
1104 4129 1128 4167 a.
1155 4113 1228 4179 Chr)
1256 4113 1424 4170 Demetrium

185 4206 298 4260 Athenis
316 4202 416 4272 Pythia
433 4201 578 4256 celebrasse
594 4204 677 4256 antea
695 4201 759 4264 dixi,
778 4201 812 4254 cI.
832 4200 905 4256 Plut.
924 4201 1043 4254 Demetr
1009 4203 1099 4254 t40.
1116 4201 1145 4253 in
1159 4201 1278 4257 eiusdem
1291 4204 1423 4257 Demetrii

185 4293 310 4348 honorem
327 4287 504 4342 Athenienses
515 4287 643 4355 Dionysia
661 4303 710 4342 sua
728 4286 935 4342 nominaverunt
952 4286 1099 4353 Demetrio,
1114 4287 1146 4340 cf.
1157 4286 1233 4341 Plut.
1246 4288 1363 4344 Demetr.
1376 4293 1407 4341 12
1419 4308 1424 4342 :

184 4382 265 4445 τέλος
283 4381 314 4434 δὲ
332 4381 393 4431 τῶν
416 4392 449 4430 τε
469 4378 568 4441 μηνῶν
586 4375 638 4427 τὸν
657 4376 850 4440 Μουνυχιῶνα
868 4374 1065 4442 Δημητριῶνα
1166 4377 1212 4428 καί
1230 4381 1291 4429 τῶν
1311 4375 1421 4442 ἑορτῶν

185 4467 222 4520 τὰ
244 4465 382 4521 Διονύσια
411 4461 620 4527 μετωνόμασαν
648 4459 816 4527 Δημήτρια,
844 4458 879 4514 σί.
907 4459 990 4512 Duris
1008 4459 1080 4528 apud
1107 4460 1171 4514 Ath.
1200 4458 1255 4514 XII
1274 4465 1324 4513 536
1343 4476 1359 4512 a
1379 4460 1423 4526 (lr.

187 4556 218 4604 31
238 4549 300 4616 M.):
318 4547 501 4615 γιγνομένων
520 4546 551 4599 δὲ
569 4549 629 4598 τῶν
642 4543 820 4613 Δημητρίων
839 4544 1003 4611 Ἀθήνησιν.

236 4659 349 4708 Beisch,
364 4659 391 4700 de
404 4657 494 4699 musicis
505 4657 634 4698 Graecorum
648 4655 809 4698 conaminibus.
1305 4671 1321 4717 5
