3240 5112
194 349 242 415 60

194 539 383 604 celebranda
405 539 635 604 constituerunt
650 538 682 620 ).¹
705 537 827 618 etpost
848 555 989 620 pugnam
1012 537 1207 602 Leuctricam
1231 536 1264 600 in
1287 535 1437 602 honorem

197 641 280 707 louis
303 639 387 724 regis
410 638 532 704 Basilea
560 636 729 704 sollemnia
751 639 912 704 Lebadeae
940 639 1091 703 instituta
1118 639 1192 704 sunt
1208 645 1229 716 ).

208 781 209 784 =
303 742 410 808 Missis
444 742 544 824 igitur
573 742 623 806 his
651 743 822 824 ceterisque
852 741 1007 824 agonibus
1037 741 1194 806 Boeoticis
1223 745 1261 808 ad
1285 742 1440 825 Delphica

91 835 93 844 ¹
198 847 387 912 Pthiotum
458 843 595 927 *mmipa
629 845 766 922 transeo,
795 863 875 928 quae
903 846 985 910 inter
1020 839 1454 928 singulorum'musieorum'

132 947 133 950 ’
194 967 313 1034 agonas
336 952 460 1030 praeter
475 947 697 1012 Panathenaea
711 948 849 1029 primum
864 934 1250 1013 obtinebantlo'cuffi'ssed
1267 966 1440 1032 paucorum

197 1055 328 1119 tantum
350 1053 404 1135 qui
427 1052 530 1116 in'eis
550 1045 698 1116 'vicerunt
720 1051 871 1116 memoria
894 1055 1022 1116 servata
1044 1057 1100 1116 est.
1123 1053 1205 1116 inter
1233 1071 1309 1134 quos
1338 1051 1440 1134 primo

201 1157 271 1225 loeo
295 1152 504 1219 nominandus
534 1154 582 1219 est
612 1153 716 1218 Midas
746 1153 974 1236 Agrigentinus
1003 1155 1131 1234 tibicen,
1162 1154 1249 1219 cuius
1271 1155 1441 1236 ‚victoriam

160 1249 161 1278 ³
202 1259 357 1325 Pindarus
381 1257 519 1323 carmine
541 1256 656 1340 Pythio
679 1258 744 1322 XII
767 1256 977 1339 celebravit³).
1001 1259 1176 1324 Alcibiadis
1194 1259 1305 1324 deinde
1319 1261 1441 1339 tempo-

201 1361 290 1426 ribus
313 1360 684 1444 Chrysogonuaquidam
713 1359 829 1423 tibicen
859 1361 1044 1439 πυθιονίκης
1069 1358 1380 1445 commemoratur⁴).
1410 1362 1443 1424 et

199 1466 485 1554 praeclarissimum
508 1483 662 1546 quemque
685 1464 847 1528 tibicinem
871 1463 996 1546 Pythiis
1020 1467 1138 1528 certare
1160 1465 1292 1528 solitum
1315 1482 1383 1528 essa
1406 1484 1442 1528 ex
1467 1545 1471 1550 Ι

202 1567 248 1632 eis
273 1558 379 1651 colligi
408 1570 527 1650 potest,
557 1584 634 1646 qnae
665 1565 702 1629 de
730 1565 906 1656 Telephane
928 1565 1104 1648 Megarensi
1128 1565 1212 1631 Plut.
1236 1568 1273 1630 de
1296 1583 1375 1631 mus.
1400 1567 1440 1630 21

116 1661 125 1671 ’
202 1673 321 1737 narrat:
346 1671 452 1735 οὕτως
476 1670 656 1748 ἐπολέμησε
675 1674 744 1734 ταῖς
769 1671 920 1748 σύριγξιν,
946 1669 1031 1736 ὥστε
1054 1671 1132 1735 τοὺς
1156 1670 1352 1736 αὐλοποιοὺς
1369 1659 1439 1734 οὐδ’
1492 1719 1495 1727 .

200 1774 354 1838 ἐπιθεῖναι
388 1774 520 1837 πώποτε
549 1771 659 1837 εἴασεν
687 1773 738 1837 ἐπὶ
766 1773 844 1838 τοὺς
874 1771 1003 1848 αὐλούς,
1033 1771 1114 1838 ἀλλὰ
1143 1773 1273 1837 καὶτοῦ
1296 1772 1441 1836 Πυθικοῦ

201 1863 332 1954 ἀγῶνος
355 1877 492 1956 μάλιστα
515 1877 567 1940 διὰ
589 1873 676 1940 ταῦτ’
702 1877 825 1954 ἀπέστη
837 1873 873 1959 ⁵).
912 1875 946 1939 in
969 1875 1218 1940 citharoedorum
1243 1893 1343 1960 egone
1365 1875 1443 1939 vicit

148 1989 152 2008 *
202 1979 398 2045 Execestides
431 1979 542 2062 (schol.
566 1980 664 2044 Arist.
687 1980 748 2043 Av.
774 1979 838 2063 11),
862 1997 953 2061 quem
975 1986 1072 2060 supra
1095 1971 1346 2044 commemoravi.
1392 1976 1443 2042 oui

202 2084 283 2148 addo
306 2084 485 2147 Eunomum
507 2082 641 2146 Locrum
665 2081 891 2165 citharoedum,
906 2081 943 2144 de
966 2092 1027 2164 quo
1050 2082 1126 2145 haec
1148 2067 1318 2146 memoriae
1342 2082 1441 2146 tradit

203 2185 316 2250 Strabo
332 2186 374 2249 Vl
397 2183 478 2249 260:
502 2185 584 2262 φησὶ
607 2186 643 2248 δὲ
666 2184 798 2262 Τίμαιος
825 2182 930 2262 (seeo
945 2183 1003 2266 M.)
1028 2184 1163 2249 Πυθίοις
1186 2205 1265 2249 ποτε
1288 2183 1440 2261 ἀγωνιζο-

203 2291 311 2368 μένοις
334 2289 452 2354 τοῦτόν
472 2309 506 2353 τε
529 2289 580 2352 καῖ
600 2284 784 2366 Ἀρίστωνα
798 2278 944 2366 Ῥηγῖνον
960 2288 1065 2367 ἐρίσαι
1087 2289 1234 2366 περὶτοῦ
1258 2291 1436 2368 κλήρου...

203 2396 332 2470 νικῆσαι
353 2393 461 2471 μέντοι
484 2391 542 2455 τὸν
566 2390 713 2469 Εὔνομον
736 2393 787 2455 καῖ
810 2389 974 2455 ἀναθεῖναι
996 2393 1054 2470 τὴν
1077 2394 1246 2469 λεχθεῖσαν
1275 2391 1384 2456 εἰκόνα
1407 2391 1442 2454 ἑν

203 2501 242 2580 τῇ
272 2494 400 2572 πατρίδι
435 2494 484 2577 (ἐν
507 2493 658 2574 Λοκροῖς)
669 2491 708 2578 ⁶).
741 2493 809 2557 tum
844 2492 921 2557 belli
958 2492 1215 2574 Peloponnesiaci
1249 2493 1441 2576 temporibus

204 2597 373 2665 Aristonus
403 2596 529 2679 quidam
561 2595 658 2660 sexies
688 2596 827 2678 primum
842 2592 1022 2678 'praemium
1046 2587 1178 2660 nanetus
1203 2601 1258 2680 est,
1282 2596 1322 2660 ci.
1354 2596 1440 2660 Plut.

206 2699 278 2785 Lys.
304 2687 363 2806 18A
378 2706 472 2784 atque
495 2703 599 2766 eadem
624 2702 728 2765 aetate
750 2699 874 2782 Pythiis
897 2701 992 2764 etiam
1014 2719 1202 2783 praeconum
1225 2703 1255 2762 et
1278 2698 1443 2765 tibicinum

142 2841 145 2856 ι
205 2806 376 2871 certamina
399 2797 600 2878 habebantur,
625 2823 703 2886 quae
726 2803 765 2866 ol.
790 2803 832 2868 96
856 2801 1019 2886 Olympiae
1043 2822 1165 2885 quoque
1194 2803 1346 2868 instituta
1376 2821 1442 2866 esse

206 2909 296 2973 testis
330 2912 379 2972 est
412 2907 565 2972 Eusebius
601 2906 714 2972 Obron.
749 2906 765 2969 Ι
794 2907 834 2970 ol.
865 2906 906 2970 96
939 2906 967 2987 (Ι
996 2905 1061 2972 204
1088 2925 1133 2988 sq.
1166 2903 1360 2988 Schoene)⁷).
1397 2905 1443 2968 ita

311 3119 332 3179 ¹)
351 3113 429 3166 Diod.
450 3112 500 3164 Sic.
520 3111 575 3164 XII
596 3114 636 3176 70,
655 3112 679 3173 5,
699 3109 786 3162 Schol.
805 3109 883 3162 Pind.
902 3107 1009 3178 Olymp.
1029 3108 1082 3162 VII
1102 3113 1160 3164 15³.

311 3203 331 3268 ²)
349 3200 427 3252 Diod.
445 3198 495 3251 XV
514 3205 554 3252 53.
573 3197 730 3265 Τροφώνισ
750 3196 781 3248 ἐν
800 3194 939 3264 Λεβαδείᾳ
959 3194 1056 3261 (Sobel.
1077 3195 1155 3248 Pind.
1175 3193 1282 3264 Olyrnp.
1307 3193 1361 3248 VII
1381 3197 1443 3254 153)

205 3287 240 3340 ab
267 3286 311 3340 his
339 3284 514 3338 sollemnibus
542 3283 647 3336 diversa
679 3277 732 3334 πού
756 3297 812 3334 asse
835 3281 972 3342 videntur,
994 3281 1028 3334 cf.
1052 3281 1148 3334 Preuss
1174 3282 1192 3334 l.
1218 3298 1239 3335 c.
1258 3297 1283 3349 p.
1303 3285 1344 3332 29.
1363 3279 1444 3332 aliter·

205 3376 339 3427 statuerat
357 3371 417 3425 Keil
438 3369 505 3440 Syll.
524 3369 602 3423 inser.
623 3369 714 3421 Boeot.
734 3384 759 3435 p.
775 3373 816 3420 54.
830 3371 925 3434 quarto
938 3367 1044 3420 saeculo
1057 3367 1085 3419 in
1098 3365 1213 3419 Basileia
1226 3367 1327 3418 musica
1339 3379 1444 3433 quoque

206 3459 357 3514 certamina
375 3460 436 3511 acta
454 3472 511 3510 esse
530 3457 643 3518 statuas,
663 3454 777 3507 sirecte
797 3454 936 3514 Βασίλεια,
960 3455 988 3506 in
1008 3454 1105 3522 quihus
1123 3451 1248 3506 Nicocles
1271 3451 1442 3504 citharoedus

207 3547 303 3600 uicisse
321 3544 421 3598 dicitur
440 3543 485 3612 (ci.
504 3558 530 3611 p.
544 3543 597 3610 72),
617 3541 650 3594 ad
669 3540 811 3593 sollemnia
838 3540 1009 3593 Lebadensia'
1028 3539 1148 3592 homines
1173 3538 1248 3590 docti
1270 3536 1443 3591 rettulerunt.

204 3643 205 3646 ’
311 3631 333 3699 ⁸)
356 3630 444 3684 Midas
469 3630 497 3683 in
522 3629 630 3682 scholiis
649 3625 782 3696 Pythiade
802 3631 836 3678 24
859 3630 886 3679 et
909 3631 942 3677 ab
961 3627 979 3678 i.
999 3642 1020 3677 e.
1039 3625 1075 3679 ol.
1096 3627 1137 3684 ⁷1,
1156 3629 1172 3676 3
1190 3626 1218 3674 et
1237 3627 1277 3688 72,
1297 3625 1312 3674 θ
1333 3621 1444 3690 Delphis

206 3720 325 3788 primum
344 3717 492 3786 praemium
513 3715 651 3768 rettulisse
669 3719 696 3768 et
714 3713 828 3766 Athenis
845 3727 949 3781 quoque
968 3710 1064 3764 vicisse
1082 3709 1189 3761 dieitur.

206 3845 209 3852 .
315 3805 334 3874 ⁴)
354 3804 437 3856 Duris
456 3802 562 3856 Samius
580 3802 736 3853 narraverat
755 3799 783 3850 in
802 3796 953 3851 Alcibiadis
978 3794 1068 3848 reditu
1086 3795 1121 3860 (a.
1139 3795 1191 3846 408
1209 3808 1232 3845 a.
1252 3791 1326 3858 Chr.)
1345 3791 1444 3846 αὐλεῖν

206 3892 321 3962 ἑρεαίαν
344 3895 406 3954 τοῖς
425 3889 594 3943 ἐλαύνουσιν
612 3886 795 3954 Χρυσόγονον
814 3884 866 3937 τὸν
884 3878 1052 3946 πυθιονίκην
1071 3878 1156 3947 (Plut.
1176 3878 1232 3932 Alc.
1252 3880 1304 3950 32),
1323 3875 1357 3929 cf.
1376 3875 1443 3931 Ath.

206 3981 262 4091 m
280 3985 333 4131 53⁵⁶)
349 3977 385 4116 (clf.
405 4061 487 4114 etiam
504 4075 572 4127 quae
590 4058 623 4112 de
641 4057 755 4111 tibicina
773 4054 888 4124 quadem
906 4051 971 4105 Ath.
990 4050 1060 4104 Xlll
1080 4055 1159 4104 ddba
1176 4051 1278 4104 narrat.

207 4160 210 4166 ’
315 4149 334 4215 ⁶)
352 4149 392 4202 De
410 4149 493 4202 variis
511 4147 619 4212 fabulis,
650 4161 717 4214 quae
735 4144 768 4196 ad
793 4140 908 4195 Eunomi
926 4141 1034 4191 statuae
1053 4137 1177 4213 habitum
1197 4132 1384 4202 explicandum
1402 4146 1445 4184 ex·

206 4237 342 4306 cogitatae
362 4251 419 4288 assa
437 4233 574 4298 videntur,
602 4233 636 4286 cl.
656 4230 754 4286 Jacobs
773 4225 915 4282 Animadv.
934 4225 962 4276 in
982 4221 1066 4278 Anth.
1086 4222 1131 4276 III
1152 4229 1173 4286 1,
1193 4237 1220 4290 p.
1242 4225 1302 4282 159;
1331 4216 1446 4271 Eunemi

207 4322 379 4378 adversarius
408 4323 566 4375 nominatur·
596 4318 710 4372 Parthae
741 4331 757 4368 a
785 4314 869 4367 Paulo
900 4311 995 4364 Sileni.
1024 4309 1117 4374 (Anth.
1149 4307 1187 4361 Vl
1217 4311 1262 4372 bl)
1293 4303 1326 4358 cf.
1358 4302 1445 4358 Anth.

209 4407 290 4462 Vim
314 4412 519 4562 {Manopedion
545 4491 718 4555 σαλπιγκτὴς
741 4487 787 4539 καί
807 4484 886 4538 ἐνίκα
914 4483 1030 4556 Τίμαιος
1054 4477 1175 4548 Ἠλεῖος,
1206 4476 1369 4545 προσετέθη
1398 4477 1447 4528 καί

208 4583 296 4650 κῆρυξ
323 4584 369 4634 καῖ
398 4581 477 4636 ἐνίκα
497 4580 607 4647 Κράτης
628 4573 747 4637 Ἠλεῖος.
772 4571 804 4626 de
828 4585 988 4639 praeconum
1011 4567 1204 4621 certaminibus
1229 4563 1264 4615 cf.
1288 4561 1356 4614 Poll.
1384 4559 1446 4613 1111
