3240 5112
179 391 223 456 20

176 578 309 661 scriptos
349 577 446 643 fuisse
483 576 631 660 colligere
674 577 760 642 licet.
787 555 1010 666 fgcitharoedos
1049 580 1154 642 autem
1193 579 1274 641 inter
1307 593 1422 641 omnes

178 699 301 747 summo
314 679 427 744 honore
438 679 581 745 floruisse
598 679 751 758 videmus,
760 698 832 744 cum
845 681 980 761 quinque
996 679 1041 744 eis
1054 680 1250 745 destinentur
1263 682 1420 763 praemia,

178 773 309 868 quorum
341 783 489 866 primum
501 773 748 848 Mler'achmas
767 782 881 864 pretio
915 781 1080 864 aequabat.
1127 783 1281 848 miramur
1310 782 1421 847 hercle

177 887 384 955 Athenienses
413 889 538 952 tautam
562 889 726 970 pecuniam
748 885 797 949 his
826 886 918 950 rebus
941 885 1128 967 impendisse
1152 886 1201 950 vel
1225 905 1262 951 ea
1293 887 1418 961 aetate,

178 1011 238 1075 qua
261 992 370 1076 opibus
387 991 451 1057 iam
468 1009 528 1056 nou
545 990 684 1054 multum
699 987 841 1054 floruisse
864 989 1027 1053 uidentur:
1052 990 1107 1054 sed
1129 989 1223 1054 etiam
1247 989 1281 1054 iu
1295 989 1420 1054 tabulis

179 1098 378 1179 quaestorum
394 1093 556 1160 Minervae
572 1092 645 1158 anni
665 1092 705 1159 ol.
722 1092 803 1175 95,3
821 1089 933 1174 (39qu
945 1110 972 1155 a.
982 1091 1068 1172 Chr.)
1088 1090 1158 1158 (tlh
1177 1091 1210 1156 11
1226 1091 1289 1156 652
1305 1109 1356 1156 τι.
1372 1092 1420 1156 36

178 1202 210 1266 et
225 1200 266 1264 37
283 1199 364 1263 inter
379 1198 495 1262 multas
512 1198 589 1262 alias
605 1215 654 1260 res
672 1197 748 1262 haee
764 1213 885 1277 quoque
900 1197 1083 1260 traduntur:
1107 1196 1275 1276 στέφανος
1293 1198 1417 1259 θαλλοῦ

177 1307 332 1382 χρυσοῦς,
349 1301 387 1366 ὃν
403 1300 422 1378 ἡ
438 1300 531 1366 πόλις
548 1299 697 1382 ἀνέθ(ηκε
716 1299 769 1376 τ)ἁ
791 1299 953 1376 νικητήρια
975 1303 1032 1364 τοῦ
1056 1303 1247 1382 κιθαρῳδοῦ·
1268 1298 1421 1376 σταθμὸν

177 1407 295 1472 τούτου
316 1403 498 1492 ΙΤΙΔΔΔῘΤ.
523 1422 592 1467 cum
617 1419 728 1466 corona
743 1391 886 1466 LXXXV
905 1401 1123 1468 drachmarum
1147 1403 1214 1466 auri
1230 1400 1420 1484 respondeat

177 1509 242 1573 fere
264 1509 298 1574 M
321 1509 476 1573 drachmis
500 1507 631 1590 argenti,
655 1505 879 1570 Panathenaeis
903 1505 978 1570 anni
1002 1507 1041 1571 ol.
1056 1507 1106 1590 95,
1124 1507 1144 1571 3
1163 1505 1271 1590 (398Π
1289 1502 1419 1582 allhr.)

177 1612 259 1676 idem
270 1612 444 1694 praemium
456 1609 650 1674 destinatum
669 1607 766 1674 inisse
784 1609 959 1674 citharoedo
973 1609 1125 1690 uidemus,
1139 1609 1218 1691 quod
1235 1608 1338 1674 nescio
1352 1625 1417 1689 qua

153 1750 157 1758 2
176 1715 214 1779 de
244 1732 338 1778 causa
358 1713 520 1779 Mineruae
543 1713 722 1780 dedicatum
751 1715 799 1778 est
821 1725 842 1792 ).
884 1713 1020 1796 (Boeelrh
1061 1711 1278 1779 Staatshaush.
1303 1712 1318 1776 Ι
1341 1710 1421 1790 299,

177 1817 211 1880 Il
234 1817 307 1896 252,
319 1818 423 1902 Bergk
446 1818 468 1882 l.
485 1837 511 1884 c.
526 1818 558 1882 ΙΙ
580 1818 645 1883 ὐΟΟ
661 1821 730 1883 adu.
750 1820 801 1898 ll)
826 1817 1018 1883 citharoedos
1035 1818 1166 1900 denique
1183 1817 1314 1882 victores
1329 1815 1411 1898 apud

177 1919 384 1986 Athenienses
418 1920 452 1986 in
481 1939 533 1986 ore
563 1921 703 1985 omnium
732 1919 830 1984 luisse
856 1919 1062 1984 demonstrari
1091 1921 1195 2002 potest
1221 1919 1415 1984 Execestidis

176 2023 263 2088 illius
291 2024 448 2106 exemplo,
478 2023 531 2104 qui
560 2041 632 2086 cum
661 2025 789 2086 exeunte
818 2021 942 2086 saeculo
971 2024 1079 2103 quinto
1111 2021 1159 2085 bis
1188 2019 1417 2086 Panathenaeis

149 2177 151 2181 .
177 2127 310 2208 vicisset,
334 2124 515 2206 saepissime
545 2124 583 2189 ab
607 2123 817 2207 Aristophane
840 2124 972 2206 aliisque
995 2126 1121 2189 comicis
1144 2124 1243 2208 poetis
1275 2141 1415 2189 comme·

176 2230 316 2294 moratus
340 2227 435 2309 estl).
482 2228 520 2292 de
551 2226 719 2309 Phrynidis
745 2226 878 2291 victoria
913 2231 1004 2292 antea
1034 2227 1114 2312 dixi3
1148 2247 1240 2310 quem
1264 2227 1293 2292 si
1316 2247 1334 2292 a
1356 2227 1414 2290 ui·

177 2333 301 2399 motheo
325 2333 521 2396 adulescente
544 2331 662 2396 vietum
693 2349 758 2394 esse
782 2330 926 2396 audimus
940 2328 984 2415 ³),
1020 2331 1078 2396 hoc
1106 2332 1138 2394 in
1162 2331 1414 2395 citharoedorum

177 2438 346 2502 certamine
369 2433 597 2500 Panathenaico
621 2433 741 2507 iactum
764 2452 830 2498 esse
853 2437 958 2498 nostro
982 2434 1049 2500 iure
1073 2436 1249 2499 statuemus
1261 2432 1301 2515 ⁴).

282 2563 480 2630 Oitharoedos
495 2564 528 2627 in
544 2561 638 2626 titulo
654 2562 761 2627 Attico
786 2562 941 2645 excipiunt
959 2563 1074 2643 ἄνδρες
1092 2565 1232 2649 αὐλῳδοὶ
1248 2566 1280 2628 et
1296 2561 1416 2642 ἄνδρες

177 2669 364 2748 κιθαρισταί,
385 2685 461 2749 quos
484 2665 611 2730 minoris
634 2667 817 2730 aestimatos
840 2683 905 2730 esse
927 2667 1067 2748 praemia
1098 2669 1142 2730 eis
1166 2665 1328 2750 proposita
1357 2665 1412 2729 de·

178 2771 365 2837 monstrant.
389 2769 493 2852 Bergk
517 2769 550 2853 (l.
568 2788 595 2834 c.
618 2769 651 2832 Il
674 2769 736 2836 501
762 2769 848 2852 adu.)
873 2770 998 2834 vocibus
1021 2770 1050 2834 ἀ.
1077 2771 1247 2854 αὐλῳδοῑς,
1272 2771 1302 2836 ἀ.
1326 2774 1416 2834 κιθα·
1451 2800 1463 2810 -

177 2879 311 2954 ρισταῑς,
335 2875 487 2952 αὐληταῖς
510 2871 619 2937 choros
643 2873 877 2937 citharistarum
902 2875 933 2936 et
961 2872 1161 2938 auloedorum
1184 2873 1413 2958 intellegendos

177 2997 242 3042 esse
265 2978 367 3060 putat.
405 2997 483 3059 quae
512 2978 667 3042 sententia
690 2977 855 3041 manifesto
887 2975 964 3042 falsa
994 2979 1050 3042 est.
1089 2995 1188 3058 neque
1211 2977 1296 3042 enim
1318 2979 1414 3041 verba

176 3081 295 3164 πρώτῳ
325 3083 465 3164 δευτέρῳ
493 3080 605 3164 τρίτῳ,
639 3098 710 3144 curn
740 3079 907 3144 antecedat
937 3079 1084 3159 ἀνδράσιΙ
1106 3085 1320 3158 κιθαρισταῖς,
1350 3079 1415 3142 alio

174 3183 265 3248 modo
289 3181 436 3265 explicari
451 3185 582 3264 possunt
597 3183 658 3248 uisi
674 3181 816 3265 suppleto
832 3181 1028 3246 substantivo
1045 3182 1137 3260 ἀνδρὶ
1154 3187 1320 3266 κιθαριστῇ
1346 3180 1410 3264 (vel
1445 3243 1448 3246 .

177 3288 327 3370 αὐλῳδῷ)
353 3286 481 3370 πρώτῳ,
505 3287 656 3371 δευτέρῳ,
679 3302 804 3366 prorsus
828 3285 935 3348 eodem
958 3284 1060 3368 modo,
1095 3302 1155 3365 quo
1189 3287 1291 3366 primo
1319 3283 1411 3349 alteri

178 3390 272 3456 tertio
296 3389 473 3455 citharoedo
489 3389 629 3470 praemia
652 3388 818 3472 designata
841 3391 924 3452 sunt.
948 3407 1048 3470 neque
1071 3389 1139 3470 ipsa
1154 3389 1293 3471 praemia
1310 3388 1415 3453 choris
1479 3447 1481 3452 ,

176 3545 380 3554 -—-.———-—

281 3642 300 3703 ¹)
320 3637 391 3690 Vasa
414 3653 482 3706 quae
508 3636 637 3690 dicuntur
654 3635 866 3700 Panathenaicus,
885 3636 914 3688 iu
932 3635 1031 3703 quihus
1049 3635 1199 3690 citharoedi
1217 3635 1318 3705 depicti
1338 3641 1415 3700 sunt,

176 3724 207 3776 h.
228 3721 358 3790 Stephani
377 3723 498 3791 (Compte
524 3723 609 3776 rendu
627 3722 660 3776 de
678 3723 705 3776 la
732 3721 906 3777 commission
929 3722 1001 3776 erch.
1023 3727 1089 3777 1876
1108 3738 1133 3791 p.
1158 3728 1190 3776 62
1219 3726 1247 3776 et
1273 3725 1331 3791 107)
1356 3723 1414 3776 tria

176 3812 316 3864 enumerat
335 3808 466 3873 (Gerhard
485 3807 590 3862 Etrusc.
610 3825 635 3862 u.
655 3824 765 3878 campan
790 3807 953 3878 Vasenh.1;
980 3807 1044 3866 Vas.
1068 3825 1108 3878 gr.
1134 3808 1164 3863 ol
1183 3811 1230 3863 the
1255 3809 1319 3863 brit.
1342 3825 1414 3862 mus·

176 3897 286 3952 573***.
307 3894 392 3951 Catal.
412 3896 547 3964 Campana
565 3895 605 3949 IV
623 3897 694 3963 513),
712 3895 809 3966 quibus
828 3895 890 3950 addi
910 3898 1000 3964 potest
1022 3911 1069 3950 uas
1087 3893 1231 3960 Nolanum,
1251 3895 1321 3965 quod
1340 3911 1416 3948 nunc

177 3985 250 4038 extat
268 3983 297 4036 in
316 3998 408 4038 museo
428 3981 594 4036 Berolinensi
614 3983 704 4048 (Arch.
724 3981 792 4036 Zeit.
811 3981 940 4036 XXXVII
955 3987 1025 4049 106).
1037 3983 1147 4036 musicis
1160 3987 1253 4037 eutem
1264 3981 1415 4036 victoribus

175 4087 228 4125 non
248 4071 392 4139 amphoras
411 4070 468 4122 oleo
485 4069 611 4136 repletas,
630 4069 675 4123 sed
694 4085 803 4124 coronas
822 4072 850 4124 et
867 4069 1007 4138 pecuniam
1026 4069 1152 4138 praemiis
1165 4069 1229 4123 data
1241 4085 1298 4123 esse
1311 4069 1415 4123 titulus

175 4155 237 4211 CIA
254 4154 285 4210 11
303 4159 353 4210 θθθ
372 4154 548 4209 demonstrat.

280 4263 301 4328 ²)
320 4258 404 4314 Locos
424 4258 534 4329 collegit
553 4258 599 4314 Th.
619 4259 693 4314 Koch
711 4261 740 4314 in
760 4262 902 4315 comment.
921 4260 955 4314 ad
973 4255 1109 4328 Aristoph.
1129 4261 1178 4315 Au.
1200 4267 1240 4315 11.

280 4365 301 4434 ³)
319 4365 394 4420 Plut.
413 4363 446 4419 de
464 4364 560 4434 seips.
580 4364 651 4419 laud.
674 4370 694 4422 1.
714 4365 833 4420 Timoth.
852 4365 886 4418 fr.
907 4370 937 4418 11
957 4365 988 4418 Β,

283 4471 301 4538 ⁴)
320 4469 362 4524 Ad
381 4469 452 4523 idem
471 4471 605 4524 certamen
626 4485 730 4538 quoque
749 4467 888 4522 referenda
905 4467 1038 4535 ridentur,
1056 4483 1125 4538 quae
1136 4465 1300 4522 Plutarchus
1314 4481 1413 4521 memo·

176 4557 232 4610 riae
249 4555 366 4610 tradidit
384 4555 416 4610 de
435 4553 494 4610 aud.
513 4559 585 4625 poet.
605 4560 622 4608 4
640 4556 745 4623 (aaA):
768 4553 899 4622 Τιμοθέῳ
925 4555 976 4621 μέν
994 4555 1049 4624 γὰρ
1073 4557 1172 4621 ᾄδοντι
1195 4558 1250 4623 τὴν
1274 4556 1415 4623 Ἄρτεμιν

177 4644 209 4698 ἐν
228 4647 271 4712 τῷ
296 4644 463 4712 θεάτρῳ...
482 4640 615 4708 Κινησίας
633 4641 718 4704 εὐθὺς
737 4640 958 4708 ἀντεφώνησε..
970 4680 989 4708 .,
1009 4641 1042 4695 ef.
1055 4642 1088 4696 de
1100 4641 1237 4711 superstit.
1252 4643 1416 4709 10(17οΑ)-
