3240 5112
241 353 283 418 62

246 547 365 612 iactum
383 563 465 608 vesse
497 543 637 616 videtur,
673 545 727 608 υι,
746 540 797 604 ιιοΙ
812 538 1036 604 certaminibus
1075 537 1307 604 DuhocensIum
1346 539 1479 604 musicis

243 651 318 713 aute
286 646 511 714 tAlerandri
534 646 668 710 aetatem
692 641 772 708 nihil
795 641 991 736 compertum
1014 640 1227 722 habeamusR)

344 775 381 838 In
408 772 630 874 MV-VQVm
663 771 735 834 inde
768 771 807 834 ah
836 770 936 862 altera
966 771 1085 834 saeculi
1117 769 1226 876 quinti
1251 773 1340 852 parte
1369 772 1479 852 poetas

242 879 444 968 musicos'que
473 875 606 940 Graecos
634 857 800 956 aregibus
829 878 956 938 vocatos
990 865 1080 937 esse
1091 871 1217 939 scimus.
1220 865 1296 938 ita
1303 867 1480 956 Melanip-

240 981 329 1063 pides
348 982 487 1065 apud
444 979 680 1044 Perdiccamil
693 977 748 1042 diu
764 981 905 1042 vorsatus
921 996 953 1042 es
954 975 1036 1058 t.(cl
1044 977 1180 1060 Hesych
1188 995 1212 1042 s.
1221 979 1295 1058 v.)‚'
1286 998 1318 1043 ιι
1330 975 1481 1041 Archelai

93 1105 137 1185 ’,μὲ
180 1087 183 1153 3
241 1082 361 1166 regiam
390 1055 590 1148 Timotheus
597 1060 761 1160 Μιιοοιιιο,
786 1079 949 1146 Choerilus
978 1080 1103 1145 Samius
1135 1081 1188 1164 (of.
1212 1082 1347 1164 Hesyoh.
1371 1099 1396 1145 s.
1420 1081 1479 1163 ιι),

87 1183 92 1190 ’
186 1247 190 1257 .
241 1185 405 1268 Euripides
420 1189 452 1249 et
467 1185 592 1268 Agatho
607 1185 720 1267 tragici
736 1185 958 1249 convenerunt.
983 1181 1183 1248 Timotheum
1200 1185 1281 1248 diem
1297 1202 1480 1267 supremum

241 1287 276 1350 iu
298 1287 483 1352 Macedonia
504 1286 652 1353 Perdicca
680 1285 740 1350 Ill.
771 1287 826 1350 aut
857 1283 1002 1366 Philippo
1026 1287 1184 1369 Amyntae
1205 1283 1270 1351 filio
1300 1283 1480 1370 regnante²)

242 1391 356 1457 obiisse
379 1391 554 1472 Stephanus
577 1391 653 1473 Bya.
672 1395 709 1468 (s.
725 1409 753 1453 v.
772 1390 926 1470 Μίλητος)
952 1392 1099 1473 testatur,
1117 1391 1248 1472 denique
1265 1389 1480 1455 Stratonicum

241 1513 364 1576 quoque
375 1493 483 1560 Pellae
504 1499 663 1559 versatum
680 1511 747 1558 esse
763 1495 970 1574 comperimus
985 1511 1022 1556 er
1034 1493 1109 1557 Ath.
1124 1493 1201 1558 VIII
1212 1493 1275 1559 348
1284 1513 1308 1574 ο,
1326 1495 1365 1560 oi.
1379 1493 1478 1559 3500.

153 1663 161 1671 ,
242 1597 414 1662 Archelaus
447 1597 501 1662 DIi
534 1597 568 1662 iu
596 1597 691 1668 rionis
723 1597 949 1677 Musarumque
983 1595 1130 1660 honorem
1159 1614 1284 1680 agonas
1321 1597 1480 1662 scaenicos

242 1687 442 1782 instauravit,
454 1717 530 1781 quos
543 1699 713 1764 Alexandri
726 1717 847 1780 quoque
869 1701 972 1762 aetate
985 1700 1071 1762 actos
1088 1715 1154 1762 esse
1166 1699 1281 1764 scimus
1287 1697 1324 1781 ³).
1341 1697 1479 1782 Olyntho

191 1799 195 1868 ί
243 1807 417 1886 expugnata
448 1803 615 1886 Philippus
637 1821 752 1886 magno
775 1821 847 1866 curn
870 1801 1034 1882 splendore
1058 1803 1161 1867 nescio
1184 1821 1244 1886 quo
1267 1804 1334 1868 loco
1363 1801 1482 1884 Ὀλύμ-

191 1903 194 1962 i
242 1926 299 1969 πια
333 1905 504 1972 celebrarit
535 1909 616 1970 teste
649 1903 872 1970 Demosthene
890 1903 1029 1982 (XVIIII
1059 1903 1120 1969 192
1150 1911 1238 1986 sq.):.
1270 1905 1377 1985 ἐπειδὴ
1416 1909 1480 1986 γὰρ

242 2007 324 2075 εἷλεν
345 2009 507 2076 Ὄλυνθον
530 2010 688 2074 Φίλιππος
710 2007 866 2086 Ὀλύμπια
890 2008 999 2083 ἐποίει,
1022 2007 1067 2074 εἰς
1091 2012 1128 2074 δὲ
1149 2010 1207 2088 τήν
1223 2010 1339 2074 θυσίαν
1361 2011 1481 2088 ταύτην

243 2114 294 2176 καὶ
315 2114 375 2190 τὴν
396 2113 572 2189 πανήγυριν
594 2111 719 2176 πάντας
741 2113 819 2176 τοὺς
841 2111 992 2188 τεχνίτας,
1017 2111 1223 2188 συνήγαγεν..
1245 2113 1362 2180 ἑστιῶν
1392 2113 1481 2179 δἀὐ-

243 2215 321 2278 ruht
349 2216 400 2278 καὶ
429 2217 603 2293 στεφανῶν
633 2215 711 2278 τοὺς
733 2212 940 2290 νενικηκότας
963 2214 1059 2292 ἤρετο
1082 2215 1230 2294 Σάτυρον
1258 2218 1387 2282 τουτονὶ
1420 2219 1480 2283 τὸν

243 2316 382 2393 κωμικὸν
404 2315 577 2394 ὑποκριτὴν
604 2335 628 2378 e.
651 2334 681 2397 q.
706 2334 731 2378 s.
759 2313 810 2396 (cf.
835 2314 961 2380 Diodor.
984 2314 1060 2380 XVI
1080 2315 1147 2397 διἰ).
1178 2317 1267 2384 ιιιοιιι,
1289 2321 1328 2384 ad
1348 2320 1477 2402 nuptias

241 2417 423 2499 Cleopatrae
445 2417 529 2482 filiae
564 2419 764 2484 celebrandas
788 2417 884 2500 Aegis
919 2418 1049 2495 ἀγῶνάς
1078 2441 1112 2485 τε
1137 2423 1313 2500 μουσικοὺς
1347 2428 1480 2502 μεγαλα·

242 2524 374 2599 πρεπεῖς
397 2523 497 2586 ἐποίει
519 2523 571 2586 καὶ
593 2523 740 2601 λαμπρὰς
764 2522 925 2587 ἑστιάσεις
953 2523 1092 2604 (Diodor.
1115 2523 1192 2588 XVI
1214 2523 1282 2604 91),
1306 2543 1382 2607 quos
1405 2545 1478 2592 cum

241 2627 437 2706 spectaturus
460 2628 552 2708 esset,
575 2627 641 2706 ipse
663 2627 696 2689 iu
718 2626 843 2690 theatro
866 2627 987 2691 occisus
1011 2631 1056 2691 est
1084 2629 1223 2710 (Diodor.
1236 2627 1313 2694 XVI
1329 2628 1385 2714 93)
1394 2631 1431 2709 ⁴).

269 2893 273 2913 ⁴
347 2911 367 2974 ¹)
391 2909 431 2961 De
458 2907 573 2960 theatris
602 2905 741 2959 Euhoeicis
768 2908 801 2959 oi.
826 2905 955 2959 Wieseler
978 2907 997 2960 l.
1021 2923 1042 2959 o.
1067 2923 1093 2975 p.
1113 2911 1162 2960 195
1190 2909 1252 2963 adu.
1271 2915 1312 2966 33.
1340 2911 1477 2966 theatrum

243 2995 431 3060 Chalcidem,
460 2993 536 3046 cuius
559 2995 723 3046 mentionem
746 2993 811 3045 facit
836 2992 993 3049 Dicaearch.
1024 2992 1087 3057 Βίος
1110 2989 1180 3051 ‘Elin
1206 2995 1248 3062 (fr.
1273 2995 1339 3056 hist.
1367 2997 1411 3051 Gr.
1435 2998 1479 3052 ed.

243 3082 342 3136 Miiller
359 3081 389 3135 Π
408 3096 432 3148 p.
452 3084 513 3145 260)
532 3079 678 3132 Alexandri
696 3082 787 3132 aetate
807 3080 946 3146 antiquius
963 3079 1047 3132 fuisse
1064 3081 1122 3134 veri
1140 3081 1229 3134 simile
1247 3085 1296 3136 est.

348 3185 368 3250 ²)
388 3183 514 3236 Chronici
532 3183 607 3236 Parii
624 3183 772 3252 locusque
789 3182 926 3236 Timothei
945 3199 1016 3236 mors
1034 3183 1156 3249 refertur,
1174 3185 1315 3238 lacunosus
1334 3189 1375 3240 est
1392 3187 1420 3253 (l.
1434 3191 1478 3254 88,

242 3289 284 3340 ep.
304 3271 363 3336 iti:
381 3269 431 3338 ἀφ’
456 3269 490 3324 οῦ
514 3269 650 3334 Τιμόθεος
666 3271 770 3335 ιβώσας
787 3269 838 3334 ἔτη
857 3265 1005 3338 [ΠΔΔΔΔ
1024 3269 1212 3337 ἐτελεύτησεν
1231 3272 1319 3326 tr...
1329 3272 1407 3336 .,ubi
1426 3289 1480 3326 non

244 3358 433 3422 ἐτελεύτησεν
452 3355 497 3408 sed
516 3357 566 3420 ἔτη
586 3355 763 3423 supplendum
781 3371 837 3408 esse
856 3359 1018 3408 monuerunt
1036 3355 1126 3424 Bergk
1145 3357 1175 3424 (l.
1193 3373 1216 3417 c
1235 3357 1265 3411 ΙΙ
1285 3363 1335 3411 539
1354 3358 1415 3412 adn.
1434 3362 1479 3426 54)

206 3443 210 3524 1
243 3449 272 3496 et
295 3445 371 3510 Dcpp
390 3439 623 3508 (dechron.Pa1·.
642 3457 668 3508 p
683 3445 736 3517 Ι41),
755 3442 796 3495 ita
814 3445 845 3494 ut
833 3441 1002 3494 tTimothei
1020 3459 1092 3495 mors
1111 3459 1181 3496 anno
1199 3444 1290 3506 alicui,
1309 3445 1357 3511 qui
1374 3444 1481 3498 medius

242 3533 285 3582 est
303 3529 376 3580 inter
394 3527 429 3580 ol.
449 3533 506 3588 103,
525 3531 587 3579 3et
607 3531 664 3592 105,
684 3532 708 3593 4,
726 3526 902 3580 adscribenda
921 3531 999 3580 esset.
1019 3527 1110 3591 Flach,
1130 3529 1177 3595 qui
1201 3527 1290 3582 chron.
1309 3528 1369 3582 Par.
1395 3545 1421 3596 p.
1446 3535 1482 3583 34

243 3615 343 3682 Doppii
367 3614 546 3666 coniecturam
564 3613 700 3680 probavit,
731 3617 791 3680 post
793 3629 823 3666 ca
779 3614 1020 3667 tnihilomiuus
1039 3613 1176 3666 Timothei
1193 3615 1308 3667 mortem
1325 3615 1428 3668 iterum
1446 3617 1480 3672 ad

223 3690 227 3696 ’
243 3703 278 3754 ol.
293 3705 350 3762 105,
363 3704 380 3752 4
392 3703 447 3752 rett
436 3700 509 3752 tulit.
523 3699 556 3752 de
570 3699 669 3752 Suidae
683 3700 770 3753 verbis
783 3701 815 3768 (s.
823 3717 847 3753 ν.
856 3699 1002 3766 Τιμόθεος)
1016 3699 1133 3752 diversas
1146 3715 1193 3752 sen
1195 3701 1295 3753 tentius
1307 3703 1481 3769 protulerunt

244 3785 420 3839 Wachsmuth
440 3784 527 3848 (Daub
546 3785 577 3838 de
595 3785 669 3838 Suid.
688 3802 712 3854 p.
732 3791 782 3840 429
806 3787 878 3853 adn.)
897 3791 925 3840 et
943 3785 1037 3840 Rohde
1057 3785 1136 3852 (Mus.
1155 3785 1240 3839 Rhcn.
1260 3785 1390 3840 XXXIIII
1409 3793 1479 3854 suu).

348 3889 367 3954 ³)
386 3887 498 3941 Diodor.
517 3887 597 3942 XVII
617 3894 649 3940 16
668 3890 839 3956 (Alexander)
859 3889 956 3954 θυσίας
980 3894 1041 3952 τοῖς
1059 3873 1136 3953 θεοῖς
1154 3891 1342 3946 συνετέλεσεν
1360 3892 1391 3946 ἐν
1415 3891 1479 3960 Δίῳ

246 3979 298 4040 τῆς
317 3974 497 4037 Μακεδονίας
515 3977 562 4027 καί
575 3979 727 4042 σκηνικοὺς
739 3977 854 4042 ἀγῶνας
866 3977 912 4029 Διί
926 3977 971 4029 και
985 3976 1123 4041 Μούσαις,
1136 3976 1186 4040 οὓς
1198 3977 1350 4044 Ἀρχέλαος
1363 3981 1480 4046 πρῶτος

245 4062 419 4128 raritatem
445 4078 468 4113 ν.
488 4061 538 4114 Dio
557 4061 693 4131 Chrysost.
713 4079 749 4116 or.
768 4062 797 4116 II
814 4080 839 4132 p.
860 4068 892 4116 73
911 4061 948 4123 R3
975 4062 1009 4116 ci.
1028 4061 1100 4114 infra
1118 4077 1143 4130 p.
1163 4063 1204 4116 73.

346 4166 365 4230 ⁴)
384 4165 554 4220 Theodorum
574 4167 776 4222 Aristodemum
794 4165 1008 4234 Neoptolemum,
1020 4163 1221 4232 tragoediarum
1234 4163 1391 4228 histriones,
1404 4181 1482 4233 saepe

242 4251 272 4303 in
291 4249 446 4304 Macedonia
464 4256 584 4306 versatos
604 4271 661 4308 esse
681 4270 696 4308 e
716 4252 905 4307 Demosthenis
924 4250 1092 4304 orationihus
1111 4250 1178 4305 satis
1191 4254 1298 4306 constat
1311 4252 1355 4319 (cf.
1370 4251 1482 4306 Schiler

242 4335 260 4388 l.
281 4351 303 4388 c.
322 4335 352 4389 II
373 4340 422 4388 180
441 4338 499 4405 ια).
524 4336 754 4402 Anarandridam‚
773 4335 876 4388 mediae
895 4332 1045 4387 comoediae
1072 4336 1188 4402 poetam,
1210 4332 1334 4404 Philippi
1358 4333 1483 4388 certami-

221 4477 223 4482 ,
242 4421 323 4476 nibus
342 4421 496 4476 interfuisse
515 4423 601 4477 tradit
619 4422 769 4490 Hesychius
788 4439 808 4474 s.
818 4437 843 4476 v.
862 4419 1084 4489 Ἀναξανδρίδης
1103 4421 1244 4488 (γεγονὼς
1263 4421 1294 4474 ἐν
1312 4425 1375 4486 τοῖς
1387 4419 1481 4487 ἀγῶσι

239 4512 295 4562 τοῦ
330 4507 469 4563 Φιλίππου
494 4515 547 4564 τοι)
576 4509 758 4575 Μακεδόνος,
790 4507 942 4574 ὀλυμπιάδι
965 4509 1015 4576 pit)
1045 4506 1093 4560 uhi
1123 4506 1297 4576 probabiliter
1321 4506 1484 4561 Gutschmid

241 4594 275 4648 cf.
295 4593 379 4649 Tlaoh
397 4594 526 4665 Hesychii
544 4594 744 4663 Onomatologii
755 4609 823 4663 quac
836 4596 980 4662 supersunt
992 4609 1021 4662 p.
1034 4592 1160 4663 LXVIII)
1177 4591 1347 4648 scribendum
1368 4594 1484 4649 coniecit
