3240 5112
235 344 277 406 26

236 531 394 596 celebrata
424 549 491 594 esse
521 530 668 594 videntur
679 529 702 610 ¹)
742 527 793 608 (ef.
818 529 955 593 Fouoart
984 528 1060 591 Rev.
1085 527 1122 590 de
1145 525 1222 607 phil.
1254 527 1279 590 1.
1306 526 1367 590 179
1390 530 1486 609 sq.);

237 633 378 714 utrisque
402 635 486 696 enim
509 637 651 715 praeerat
673 633 793 713 primus
816 630 942 710 archon,
966 631 997 692 in
1015 629 1157 709 utrisque
1179 629 1317 692 virorum
1342 630 1374 692 et
1397 649 1483 712 pue·

235 753 340 800 rorum
364 734 449 798 chori
473 733 683 815 certabant⁹)‚
707 735 746 796 in¹
763 734 902 814 utrisque
925 732 1027 812 tripus
1050 731 1186 812 praemio
1213 730 1396 812 dabatur³)‚
1421 734 1481 815 qui

236 839 438 901 monumento
468 839 592 918 publice
621 838 788 918 impositus
820 837 914 900 titulo
942 836 1061 898 adiecto
1088 837 1144 898 deo
1172 833 1383 898 dedicabatur.
1422 841 1480 900 sed

236 942 464 1021 dedicationes,
497 959 575 1022 quae
598 943 637 1005 ad
661 941 828 1024 'Ihargelia
851 939 1054 1020 spectabant,
1084 937 1118 1000 iu
1142 931 1283 1019 Pythio,¹
1303 957 1367 1013 eae,
1396 957 1482 1020 quae

236 1045 494 1126 Dionysiacorum
521 1041 728 1110 certaminum
753 1063 847 1108 causa
870 1043 1074 1118 vovebantur,
1100 1045 1131 1106 in
1151 1042 1278 1123 Dionysi
1295 1043 1480 1106 sanctuario

236 1149 309 1227 poni
336 1139 529 1228 solebant⁴);
553 1149 635 1212 unde
660 1148 867 1211 Athenienses
890 1147 981 1209 facile
1009 1135 1254 1218 intellexerunt,
1293 1143 1406 1224 quihus
1443 1145 1478 1208 in

237 1251 443 1316 sollemnibus
466 1252 614 1340 victoriae
637 1252 712 1314 illae
729 1252 906 1331 reportatae
930 1251 1044 1312 essent.
1058 1233 1174 1322 “rhodie
1198 1250 1313 1321 autem,
1341 1265 1413 1310 cum
1437 1247 1478 1311 de

236 1353 347 1416 multis
378 1354 482 1418 titulis
514 1373 574 1435 quo
605 1355 673 1418 loco
700 1353 819 1417 inventi
849 1352 914 1416 siut
943 1353 1120 1418 nesciamus
1149 1352 1328 1432 multosque
1355 1350 1479 1432 lapides

236 1459 306 1536 post
329 1459 378 1520 tot
400 1475 552 1522 annorum
576 1459 742 1520 decursum
766 1457 798 1519 in
827 1456 889 1518 alia
912 1455 980 1518 loca
1002 1457 1232 1534 transportatos
1256 1470 1323 1516 esse
1342 1454 1477 1528 constet,

236 1557 363 1622 difficile
385 1561 432 1622 est
454 1559 591 1633 definire,
616 1559 655 1622 ad
679 1577 756 1640 quae
779 1557 943 1622 sollemnia
966 1556 1180 1638 uuusquisque
1204 1557 1323 1638 spectet
1346 1554 1477 1618 titulus,

238 1662 269 1722 in
293 1661 410 1725 scholio
433 1661 471 1724 ad
497 1659 655 1726 Demosth.
682 1661 803 1743 Leptin.
826 1662 900 1742 465,
924 1660 979 1742 27,
1012 1678 1072 1741 quo
1100 1678 1148 1723 res
1172 1658 1248 1722 setis
1272 1657 1397 1720 confuse
1421 1675 1476 1720 ex·

340 1909 359 1974 ¹)
385 1905 514 1958 Oblivisci
544 1909 632 1958 autem
666 1920 720 1957 non
749 1905 875 1958 debemus
909 1905 1056 1957 certamina
1085 1905 1188 1957 musica
1213 1905 1351 1972 Dionysiis
1385 1904 1476 1956 multo

236 1993 338 2046 maiore
357 1991 496 2059 splendore
515 1991 650 2044 celebrata
668 2006 739 2054 esse,
758 2007 818 2044 curn
837 1991 928 2044 eodem
947 1994 1065 2057 tempore
1089 1990 1306 2056 splendidissima
1324 1991 1476 2044 certamina

236 2079 359 2130 scaenica
382 2081 526 2145 agerentur
551 2082 633 2144 atque
650 2077 768 2144 undique
790 2078 964 2130 convenirent
983 2080 1150 2145 spectatores.
1171 2079 1198 2130 et
1217 2077 1327 2130 chorum
1352 2077 1473 2130 virorum

235 2165 263 2216 iu
279 2165 415 2231 Dionysiis
428 2163 487 2218 loa
506 2163 639 2216 drachmis
658 2165 685 2216 in
709 2163 861 2232 Thargeliis
878 2163 936 2216 MM
954 2162 1088 2214 drachmis
1107 2164 1260 2216 constitisse
1274 2162 1370 2231 Lysias
1388 2163 1475 2215 testa·

234 2255 280 2302 tur
299 2249 363 2303 XXI
385 2255 450 2316 lsq.
478 2249 510 2301 de
537 2265 646 2302 numero
678 2248 837 2310 chororum,
864 2249 910 2316 qui
934 2249 961 2299 in
982 2247 1103 2315 rubrisque
1122 2247 1299 2300 sollemnibus
1319 2246 1474 2315 prodibant,

236 2352 333 2404 parum
354 2337 473 2400 constat;
493 2337 525 2388 ei.
545 2337 576 2387 Α.
590 2335 738 2387 Mommsen
759 2335 776 2386 l.
790 2351 812 2387 c.
831 2350 855 2402 p.
874 2337 924 2385 395
952 2333 1041 2400 Bergk
1060 2334 1078 2385 l.
1099 2349 1120 2385 c.
1138 2333 1168 2387 II
1187 2339 1235 2385 501
1257 2334 1316 2386 adn.

343 2425 364 2491 ²)
385 2423 459 2488 Quod
480 2425 597 2475 testatur
615 2422 716 2474 titulus
735 2425 814 2474 antea
832 2421 933 2472 cibatus
958 2421 1031 2485 (ela
1060 2419 1089 2473 II
1114 2427 1188 2484 5531,
1210 2422 1251 2474 oui
1277 2421 1355 2472 index
1379 2420 1471 2474 chora-

235 2526 331 2578 gorum
350 2511 484 2562 victorum
503 2509 612 2562 additus
630 2510 672 2560 est
690 2509 734 2560 his
751 2506 840 2560 verbis
858 2507 1042 2574 praescriptis:
1071 2508 1210 2560 Διονύσια
1225 2510 1230 2576 Ι
1246 2508 1369 2575 ἀνδράσι
1392 2510 1476 2562 ποιοί

235 2599 278 2648 etr
304 2595 450 2664 θοργήλιο
465 2595 471 2662 l
487 2595 608 2662 ἀνδράσι
631 2593 720 2648 παισί.
752 2592 899 2646 certamina
926 2594 1029 2647 musica
1055 2593 1209 2662 Thargeliis
1237 2595 1291 2646 iam
1319 2594 1475 2664 antiquitus

235 2685 297 2734 acta
320 2695 377 2733 esse
395 2679 424 2730 id
443 2679 512 2746 quod
531 2679 585 2730 iam
605 2681 684 2732 antea
708 2677 836 2730 dirivari
860 2679 950 2732 simile
974 2682 1029 2744 est3
1058 2680 1154 2732 saeculi
1175 2681 1263 2748 quinti
1291 2684 1366 2748 parte
1389 2683 1475 2734 altera

234 2783 265 2820 aa
292 2767 320 2819 in
340 2781 390 2820 usu
409 2765 492 2818 fuisse
504 2767 623 2818 testatur
634 2764 810 2832 Antiphontis
829 2765 913 2818 oratio
927 2764 966 2817 Vl
980 2770 1011 2816 11
1028 2780 1066 2832 sq.
1086 2765 1258 2833 Θαργηλίων
1272 2769 1287 2820 ὁ
1301 2767 1383 2832 ἀγὼν
1402 2782 1474 2820 oom—

235 2856 402 2906 memoratnr
420 2852 449 2904 iu
470 2851 529 2920 lege
552 2851 669 2920 uucgori
687 2852 775 2916 (Dem.
797 2849 863 2905 XXI
884 2855 925 2916 10)
949 2852 977 2902 et
996 2850 1056 2905 clu
1075 2849 1175 2904 11800
1194 2867 1217 2916 a,
1241 2868 1265 2904 v.
1289 2856 1351 2920 1993
1383 2852 1414 2906 cf.
1437 2855 1471 2906 A.
1540 2867 1548 2882 ‘

235 2938 384 2992 Mommsen
405 2939 422 2991 l.
438 2955 460 2994 ο.
479 2955 504 3006 ρ.
518 2942 569 2991 4⁶23
581 2952 619 3006 sq.

339 3025 362 3092 ⁸)
380 3025 456 3077 Dem.
479 3023 557 3076 XLII
579 3028 621 3089 22,
640 3023 734 3076 Isaens
751 3022 776 3076 V
794 3027 836 3086 41,
854 3021 936 3075 Plato
958 3022 1039 3088 Gorg.
1058 3027 1108 3074 472
1123 3025 1153 3083 A,
1173 3023 1237 3078 Ath.
1251 3024 1280 3078 II
1299 3029 1331 3076 37
1345 3023 1372 3085 f.
1398 3022 1474 3078 Plut.

234 3110 315 3162 Arist.
339 3115 360 3172 1,
380 3111 429 3162 vit.
447 3108 472 3161 X
490 3113 558 3161 orat.
577 3113 628 3161 835
646 3110 691 3170 Β.,
720 3107 778 3160 Nic.
803 3113 833 3172 3,
862 3107 957 3160 Suidas
985 3125 1005 3162 s.
1024 3125 1049 3160 v.
1070 3111 1196 3176 Πύθιον,
1226 3111 1384 3178 Harpocrat.
1404 3127 1424 3162 s.
1446 3127 1470 3162 r.

233 3194 383 3260 κατοτομὴ
402 3193 591 3259 <Philochorus
610 3193 642 3250 fr.
663 3197 712 3246 138
726 3191 773 3260 Μ.)
802 3193 884 3246 schol.
905 3194 999 3248 Aesch.
1018 3194 1153 3250 Timarch.
1177 3201 1217 3259 10,
1237 3196 1364 3248 Siuronid.
1385 3197 1471 3264 epigr.

238 3285 293 3332 lle.
315 3283 373 3334 147.
395 3284 453 3330 148.
1054 3329 1057 3337 ,

339 3365 359 3427 *λ
379 3363 475 3417 Suidas
495 3383 514 3416 s.
533 3381 557 3420 ν,
576 3367 701 3419 Πύθιονε
720 3365 798 3433 ἱερὸν
814 3359 997 3431 ’Λπόλλωνος
1012 3361 1171 3434 Ἀθήνησιν
1190 3371 1245 3423 ὑπὸ
1258 3370 1470 3438 Πεισιστράτου

156 3467 159 3478 ’
233 3453 366 3519 γεγονός,
397 3450 436 3516 εἰς
461 3453 563 3516 ὃτοὺς
581 3453 718 3520 τρίποδος
736 3452 874 3520 ἑτίθησον
898 3453 924 3506 οἱ
942 3459 985 3522 τῷ
1005 3454 1111 3523 κυκλίῳ
1131 3461 1209 3524 χορῷ
1236 3456 1406 3522 νικήσαντες
1431 3456 1468 3508 τά

158 3572 161 3599 ι
234 3541 389 3606 Θαργήλια,
403 3541 436 3592 cf.
454 3540 516 3592 adn.
536 3544 551 3590 3
570 3543 598 3592 et
617 3539 723 3592 Boeclrh
741 3538 801 3593 ClG
821 3539 833 3592 l
854 3555 878 3607 p.
897 3544 958 3604 342,
977 3540 1007 3594 Ο.
1027 3540 1125 3594 Miiller
1148 3540 1354 3594 Kunstarch'a'ol.
1375 3540 1470 3594 Werlre

235 3625 247 3678 I
269 3629 313 3687 td,
327 3629 368 3689 67,
387 3625 518 3678 Wiesoler
537 3624 712 3693 Delphischsr
736 3626 856 3679 Dreiiuss
873 3641 899 3694 p.
911 3629 952 3690 86,
972 3626 1062 3696 Bergk
1081 3627 1099 3679 l.
1115 3643 1136 3680 ο.
1154 3626 1184 3680 ΙΙ
1203 3631 1262 3682 505.
1281 3627 1469 3694 choragiarum

237 3709 339 3762 urentio
358 3709 514 3777 saepissime
531 3708 564 3761 fit
583 3709 800 3778 apudoratores,
832 3727 945 3779 quorum
965 3713 1037 3766 locos
1055 3713 1109 3768 huc
1127 3715 1276 3780 spectantes
1295 3728 1388 3766 omnes
1399 3711 1471 3766 ¹enu-

233 3811 335 3848 merare
359 3796 466 3858 omItto‚
485 3811 581 3862 paucos
599 3797 706 3849 tantum
725 3797 770 3850 hic
787 3797 917 3852 adscribo.
936 3799 967 3865 is,
987 3815 1104 3867 proquo
1126 3799 1304 3868 Antiphontis
1323 3799 1410 3854 oratio
1430 3797 1470 3852 VI

236 3883 337 3950 scripta
356 3884 406 3946 est,
430 3881 540 3934 chorum
559 3897 701 3949 puerorum
721 3883 876 3951 Tharg'eliis
895 3886 1084 3951 adornaverat3
1109 3887 1155 3953 qui
1174 3902 1202 3938 se
1220 3887 1342 3939 oratione
1360 3885 1472 3954 Lysiaca

234 3967 301 4022 XXI
323 3967 458 4030 defendit,
485 3967 550 4019 duos
569 3968 660 4022 choros
678 3967 810 4036 virorum,
830 3971 946 4024 alterum
966 3971 1118 4039 Dionysiis,
1137 3971 1251 4024 alterum
1271 3971 1425 4039 Thargeliis
1442 3978 1471 4024 et

235 4053 345 4106 chorum
358 4053 490 4120 quondam
504 4069 644 4121 puerorum
660 4055 826 4128 ¹instruxerat
841 4060 947 4125 praeter
966 4057 1033 4109 alias
1051 4058 1200 4124 choragias,
1219 4073 1285 4126 quas
1302 4060 1471 4112 enumeravit

233 4144 256 4203 §-
279 4143 355 4191 1-5.
383 4137 494 4192 celebris
517 4141 604 4194 ostiu
623 4142 717 4210 primis
737 4141 926 4195 Demosthenis
945 4142 1087 4210 choragia,
1117 4158 1198 4210 quam
1217 4159 1239 4196 a.
1259 4149 1310 4198 350
1329 4145 1471 4212 praestitit

235 4224 375 4292 Dionysiis
394 4225 436 4289 (cf.
457 4225 551 4280 Hartel
571 4227 745 4282 Demosthan.
764 4228 876 4282 Studien
895 4228 960 4282 127
981 4231 1039 4295 ιο).
1058 4229 1086 4280 in
1105 4229 1226 4282 oratione
1244 4233 1338 4283 contra
1357 4229 1486 4302 MIdiam

234 4310 328 4364 habita
347 4315 476 4374 §.aaut
494 4317 541 4364 147
561 4314 676 4368 aliorum
696 4329 799 4382 quoque
815 4316 932 4367 virorum
948 4313 1089 4382 choragiae
1108 4319 1360 4369 commemorantur.
1379 4315 1471 4369 Ando-

234 4396 306 4450 cides
324 4412 465 4466 puerorum
485 4399 593 4452 chorum
615 4399 750 4467 Dionysiis
769 4399 911 4452 adornavit
929 4399 1025 4467 (Plut.)
1044 4401 1092 4453 vit.
1112 4399 1137 4453 X
1155 4405 1223 4454 orat.
1242 4406 1293 4455 835
1310 4402 1346 4467 B,
1371 4401 1471 4456 collato

233 4483 335 4538 CIAII
354 4487 413 4538 553.
442 4483 522 4537 Plato
542 4500 646 4552 quoque
664 4500 805 4552 puerorum
827 4486 937 4538 chorum
955 4485 1085 4540 instruxit
1103 4487 1179 4540 Plut.
1197 4488 1249 4541 Dio
1270 4493 1310 4552 17,
1335 4487 1420 4542 Arist.
1440 4495 1472 4555 13

230 4569 365 4623 statium
384 4569 483 4624 CIAII
495 4572 554 4634 553,
574 4571 639 4622 Xen.
658 4567 761 4628 Comm.
780 4570 825 4624 III
844 4577 870 4636 4,
890 4579 915 4626 4.
