3280 5100
1381 327 1421 391 79

184 518 258 582 inde
280 518 384 598 potest
416 517 537 600 colligi,
573 519 654 597 quod
683 516 715 579 in
746 518 882 597 ipsorum
906 515 1061 581 artificum
1084 515 1178 581 titulo
1200 515 1363 580 honorario
1391 513 1422 578 id

183 621 344 686 decretum
368 620 466 684 fnisse
490 619 644 702 legimus:
680 618 772 684 ὅπως
803 620 928 684 ἐντοῖς
953 620 1096 700 Νεμείοις
1128 619 1162 684 ἐν
1186 625 1232 705 τῷ
1255 617 1354 695 ἀγῶνι
1376 625 1423 702 τῷ

184 729 324 806 γυμνικῷ
341 723 544 806 ἀνακηρυχθῇ
569 722 606 786 τὸ
631 723 774 801 κήρυγμα
794 723 870 786 τόδε
890 722 945 802 (Le
960 722 1174 786 Bas-Foucart
1191 722 1269 804 Voy.
1282 721 1316 786 II
1336 720 1425 784 116α

183 847 214 892 a.
234 826 293 889 113
311 845 338 891 a.
355 824 440 906 cnr.)
474 826 495 907 ).
991 848 994 901 2

290 929 377 992 Haec
411 928 509 1011 Igitur
543 928 636 1008 sunt,
677 945 754 1008 quae
788 929 825 990 de
859 927 1077 991 communibus
1112 929 1303 994 Graecorum
1342 925 1424 989 ludis

184 1033 315 1096 dicenda
332 1049 398 1095 esse
414 1029 608 1113 putabam2).
634 1029 775 1112 siugulas
791 1033 952 1110 praeterea
967 1029 1131 1113 Argolidis
1153 1030 1246 1094 urbes
1269 1047 1325 1092 sua
1340 1027 1421 1092 cele-

186 1135 295 1200 brasse
330 1135 497 1198 sollemnia
531 1134 773 1200 consentancum
808 1131 1152 1226 Mhi-Qffliissffi
1188 1135 1281 1216 (quae
1316 1133 1425 1196 eadem
1502 1149 1505 1156 ’

187 1241 276 1303 erant
300 1241 394 1318 atque
416 1238 664 1315 Hecatombaea‚
690 1235 728 1299 cf.
749 1235 847 1302 schol.
871 1228 961 1300 Pind.
987 1235 1111 1319 Olymp.
1137 1236 1199 1302 VII
1223 1237 1276 1320 83)
1303 1237 1426 1318 magni-

186 1339 391 1405 ficentissime
415 1341 485 1403 acta
509 1358 575 1404 esse
598 1338 757 1403 videntur.
797 1337 830 1401 id
855 1339 1023 1421 quodiam
1053 1357 1086 1404 eo
1117 1340 1323 1422 intellegitur,
1347 1342 1426 1422 quod

187 1444 367 1509 Demetrius
394 1443 581 1508 Poliorcetes
611 1443 707 1522 (Plut.
738 1443 875 1507 Demetr.
900 1443 953 1524 25)
979 1444 1011 1507 et
1033 1442 1198 1524 Philippus
1220 1443 1426 1508 Macedonum

187 1566 241 1610 rex
277 1547 357 1630 (Liv.
383 1545 508 1610 XXVII
539 1547 596 1624 30,
625 1547 657 1626 9)
695 1565 799 1610 eorum
832 1547 977 1611 ludorum
1012 1548 1217 1630 agonothetae
1253 1545 1380 1610 fuerunt
1401 1549 1426 1628 ).

187 1653 265 1715 adde
297 1652 378 1731 quod
402 1648 615 1715 Cassandrum
638 1651 805 1730 quendam,
829 1651 1005 1714 Menesthei
1035 1650 1153 1728 filium,
1186 1669 1279 1732 quern
1309 1649 1427 1714 saeculi

188 1755 319 1818 alterius
351 1758 440 1834 parte
475 1756 575 1836 priore
606 1754 711 1836 populi
740 1755 889 1822 Graeciae
918 1755 1012 1818 variis
1042 1755 1208 1820 honoribus
1233 1753 1426 1835 adfecerunt,

189 1857 380 1940 Argiuorum
405 1875 525 1939 quoque
549 1857 624 1920 urbs
648 1858 813 1921 honoravit
837 1864 949 1942 χρυσῷ
973 1857 1129 1942 στεφάνῳ
1153 1858 1204 1920 καὶ
1227 1858 1428 1940 θεωροδοκίᾳ

190 1965 249 2026 rori
266 1961 349 2024 Διὸς
379 1966 436 2024 τού
462 1963 595 2040 Νεμείου
625 1963 675 2025 καί
704 1965 761 2039 τῆς
778 1963 881 2040 Ἥρας
905 1967 962 2040 τῆς
978 1957 1133 2040 Ἀργείας.
1169 1958 1308 2041 (Curtius
1332 1959 1425 2024 Arch.

188 2065 265 2130 Zeit.
290 2063 383 2128 1855.
409 2085 437 2146 p.
455 2065 497 2128 34
515 2083 572 2146 sq.²
587 2066 639 2128 ¹he
655 2063 947 2148 Bas-Waddingtoh
971 2066 1024 2130 As.
1045 2066 1121 2128 min.
1147 2064 1230 2128 1730
1245 2084 1276 2140 a,
1300 2063 1428 2128 Ditten-

195 2225 398 2234 ——ma

185 2309 260 2377 (OIG
287 2315 355 2363 3068
382 2311 413 2374 Ο)
440 2313 468 2363 et
488 2312 526 2362 'iu
551 2311 779 2377 Amphictyonum
806 2310 910 2362 decreto
937 2311 1041 2363 saeculo
1069 2311 1153 2362 altero
1182 2315 1292 2364 exeunte
1320 2315 1426 2364 exarato

186 2399 427 2450 commemorantur
463 2396 534 2462 (CIA
562 2395 591 2449 II
618 2400 667 2448 552
704 2395 739 2457 b).
768 2397 839 2462 quod
866 2395 895 2448 in
923 2395 1006 2451 titulo
1035 2395 1164 2463 Delphico
1194 2397 1306 2462 pessime
1335 2397 1429 2450 habito

187 2478 247 2536 GIG
262 2487 327 2534 1689
348 2482 524 2550 supplendum
543 2498 598 2534 esse
620 2481 742 2533 dixerunt
760 2481 795 2533 τὸ
815 2481 910 2536 κοινὸν
929 2486 989 2534 τῶν
1017 2487 1156 2547 τεχνιτῶν
1181 2487 1242 2536 τῶν
1261 2482 1300 2546 εἰς
1317 2485 1428 2549 Ἰσθμὸν

187 2572 236 2622 καί
258 2570 368 2634 Νεμέαν
387 2569 609 2622 συντελούντων
627 2566 793 2634 probandum
814 2583 870 2619 esse
897 2583 977 2635 nego:
1006 2569 1087 2620 immo
1112 2569 1218 2622 collatis
1243 2569 1333 2620 titulis
1352 2572 1430 2621 antea

190 2655 281 2708 citatis
309 2655 424 2707 conicias
452 2654 623 2707 scribendum
653 2669 709 2705 esse
734 2655 768 2706 τὸ
797 2655 892 2708 κοινὸν
919 2660 980 2707 τῶν
1007 2660 1146 2720 τεχνιτῶν
1175 2659 1235 2707 τῶν
1258 2654 1296 2718 εἰς
1316 2655 1427 2720 Ἰσθμὸν

189 2744 247 2810 [acl
275 2743 400 2806 Νεμέαν,
428 2742 648 2795 συντελούντων
676 2741 705 2793 δὲ
726 2728 764 2792 ἐν
788 2780 811 2791 ..
840 2741 876 2807 ..]
906 2740 950 2805 (cf.
969 2739 1030 2792 CIG
1050 2745 1131 2792 2529:
1159 2740 1221 2808 ἱερὰ
1252 2743 1373 2804 σύνοδος
1400 2743 1428 2805 ἐς

191 2827 285 2892 Νέμεα
305 2830 351 2880 καὶ
370 2827 484 2893 Πύθια),
504 2827 549 2878 sed
568 2826 596 2877 in
615 2825 697 2877 titulo
717 2825 842 2877 Thebano
862 2823 933 2890 (Keil
948 2825 1013 2892 Syll.
1027 2841 1051 2891 p.
1066 2825 1429 2895 80,LeBasVoy.11505),

190 2914 220 2964 in
240 2928 291 2981 quo
311 2913 397 2966 Leake
416 2913 481 2966 haec
500 2913 580 2964 verba
599 2913 682 2978 legit:
706 2917 830 2964 ....τιῑιν
844 2910 882 2975 εἰς
898 2904 1023 2979 Ἰσθμίόν
1043 2913 1100 2980 καί]
1120 2912 1241 2980 Πιερίαν
1260 2916 1430 2968 συντελούν-

188 3013 294 3062 των..,
314 3015 378 3051 num
405 3015 431 3050 re
459 3014 520 3050 vera
538 3014 585 3065 pro
604 2996 724 3064 Πιερίαν
752 2996 894 3064 legendum
922 3000 959 3048 sit
991 2997 1102 3062 Νεμέαν
1131 2997 1259 3064 OEoucart
1286 3001 1318 3052 de
1344 3017 1432 3062 scaen.

188 3084 250 3135 coll.
269 3101 295 3153 p.
306 3084 356 3150 27),
376 3087 498 3153 quamvis
518 3087 581 3138 haec
600 3086 753 3136 coniectura
771 3099 851 3150 quam
871 3084 984 3135 inarime
1004 3083 1133 3148 adrideat,
1154 3088 1249 3137 tamen
1277 3103 1324 3154 pro
1344 3087 1430 3154 explo-

191 3174 251 3224 rato
269 3170 364 3224 haberi
383 3172 486 3241 nequit.
1083 3193 1086 3198 ·

297 3277 317 3340 ¹)
337 3274 473 3327 Videntur
492 3273 639 3328 eiusmodi
665 3275 805 3341 praeconia
833 3279 936 3341 semper
964 3273 1137 3328 sollemnium
1165 3275 1243 3326 initio
1270 3275 1341 3328 facta
1369 3292 1432 3327 esse.

189 3360 317 3429 gymnica
334 3361 481 3414 certamina
499 3362 581 3413 etiam
595 3361 719 3412 Isthmiia
732 3360 903 3428 praecessisse
915 3360 1096 3414 demonstrare
1115 3360 1221 3414 videtur
1234 3360 1342 3428 Polybii
1356 3361 1429 3412 locus

191 3447 236 3514 (de
263 3446 387 3499 Isthmiis
414 3464 437 3500 a.
459 3450 517 3516 196)
534 3447 629 3500 XVIII
648 3450 691 3510 40,
710 3452 743 3498 4:
762 3447 963 3514 ἀθροισθέντος
980 3451 1032 3500 τού
1052 3448 1177 3512 πλήθους
1196 3445 1234 3509 εἰς
1255 3448 1288 3499 τὸ
1309 3448 1430 3500 στάδιον

191 3535 237 3587 ἐπὶ
256 3535 308 3586 τὸν
327 3534 435 3599 ἀγῶνα,
454 3535 605 3601 προελθὼν
625 3535 640 3587 ὁ
659 3535 980 3600 cripui..;·Graecorum
999 3533 1070 3584 enim
1089 3533 1197 3586 libertas
1216 3532 1371 3584 renuntiata
1390 3539 1431 3584 est

192 3621 256 3672 ante
275 3621 453 3674 certaminum
472 3623 596 3682 initium;
620 3621 651 3674 cf.
673 3621 732 3674 Liv.
750 3621 872 3673 XXXIII
892 3627 934 3684 3⁶2,
953 3626 977 3674 4.

296 3725 320 3790 ²)
340 3722 518 3776 Isthmiorum
545 3729 573 3778 et
591 3723 752 3776 Nemeorum
779 3724 969 3776 celebrationes
998 3724 1104 3791 saepius
1132 3741 1148 3776 a
1174 3739 1262 3776 rerum
1291 3725 1429 3792 gestarum

192 3807 370 3881 scriptoribus
389 3812 643 3879 commemorantum
662 3810 696 3863 ef.
715 3809 808 3877 Polyb.
822 3810 847 3864 V
867 3813 924 3874 101,
939 3809 978 3862 XI
992 3815 1032 3861 26.
1046 3809 1103 3862 Liv.
1117 3809 1226 3862 XXVII
1239 3815 1280 3875 31,
1292 3809 1432 3862 XXXIIII

193 3901 236 3948 41.
254 3895 329 3948 Plut.
349 3897 424 3950 Arat.
444 3901 485 3965 28,
505 3897 603 3950 Cleom.
624 3901 663 3950 17.
693 3896 724 3948 de
743 3895 903 3949 Nemeorum
927 3895 1100 3964 agonothetis
1119 3897 1153 3950 cf.
1172 3896 1276 3949 Krausc
1294 3896 1311 3947 l.
1332 3911 1352 3948 c.
1375 3900 1434 3960 140,

193 3982 284 4050 Bergk
311 3981 396 4036 Pac*
414 3983 428 4036 I
448 3987 478 4034 17
498 3999 546 4052 sq„
567 3983 656 4050 Unger
675 3983 744 4036 Acta
768 3982 841 4035 acad.
860 3981 963 4034 Monac.
992 3986 1066 4048 1879,
1086 3988 1101 4033 2
1120 3997 1145 4049 p.
1167 3986 1215 4036 166
1234 3997 1287 4050 sq.;
1305 3981 1433 4036 Isthmiis

194 4071 256 4136 post
275 4069 435 4124 Corinthum
455 4086 471 4122 a
490 4069 621 4122 Mummio
641 4069 757 4124 deletam
775 4067 963 4143 praesidebant
981 4067 1109 4136 Sicyonii,
1129 4069 1162 4120 cl'.
1182 4067 1262 4122 Pauo.
1281 4067 1311 4122 II
1331 4073 1354 4133 2,
1374 4075 1399 4121 a.

300 4173 319 4241 3)
340 4172 526 4226 Nicocreontis
556 4173 629 4241 regia
660 4171 751 4240 Cyprii
786 4173 905 4224 statuam
935 4171 1033 4240 Argivi
1063 4171 1265 4233 dedicaverunt,
1301 4173 1372 4240 quod
1402 4173 1436 4226 acl

194 4257 357 4311 Heraeorum
376 4261 494 4326 praemia
512 4275 556 4312 aes
575 4259 702 4328 Cyprium
721 4257 881 4324 donaverat3
900 4257 934 4310 cf.
947 4257 1062 4310 titulum
1080 4257 1149 4326 apud
1169 4257 1294 4311 Rossium
1307 4258 1433 4312 Archtol.

195 4343 272 4396 Auis.
290 4343 317 4397 11
335 4349 384 4398 661
404 4361 442 4414 sq.
463 4345 509 4409 (Le
528 4343 711 4398 Bas—Noucart
729 4343 758 4396 II
778 4348 835 4408 122,
864 4342 946 4396 Hicks
965 4341 1068 4396 Hister.
1095 4345 1174 4396 inscr.
1195 4349 1255 4412 136)
1282 4345 1311 4397 in
1339 4344 1434 4412 primis

195 4443 237 4484 W
256 4435 271 4482 ὅ
291 4447 343 4498 eq..
454 4501 570 4553 Στᾶσαν
589 4501 613 4552 δ’
630 4497 753 4566 Ἀργεῖοί
773 4517 806 4564 με
824 4499 907 4566 χάριν
926 4501 1043 4564 χαλκοῖο
1066 4497 1178 4562 τίοντες

505 4587 579 4655 Ἥρᾳ
598 4585 631 4638 ὃν
650 4583 689 4648 εἰς
708 4585 803 4652 ἔροτιν
822 4582 945 4652 πέμπ(ον
964 4583 1062 4650 ἄεθ)λα
1081 4585 1163 4648 νέοις.
1227 4623 1232 4631 .
