3240 5112
137 281 180 344 24

135 465 251 530 Bacchi
282 464 391 529 dlebus
420 465 511 530 festis
541 465 700 530 artissime
727 465 911 530 coniunctus
936 467 995 531 est
1033 467 1080 532 eis
1109 466 1209 549 igitur
1238 466 1272 530 iu
1295 464 1387 530 ludis

135 568 287 634 victorias
311 585 502 650 coronasque
526 569 763 650 reportaverunt
794 568 979 634 Timotheus
1006 569 1200 634 Philoxenus
1222 567 1383 650 Melanip·

135 672 223 754 pidcs
257 673 397 736 Telestes
426 670 582 753 Oinesias,
616 689 693 754 quos
729 672 846 736 summi
872 672 1000 754 quidem
1029 672 1107 750 riri,
1135 671 1228 736 Plato
1252 671 1380 736 Aristo·

136 775 255 858 phanes
274 775 490 854 Aristoxenus,
505 792 611 840 reram
635 779 736 840 artem
758 775 911 840 musicam
933 775 1106 857 corrupisse
1127 777 1231 858 questi
1254 777 1328 840 suut
1339 771 1378 856 ¹),

137 879 272 959 populus
296 896 369 942 vero
398 878 432 941 iu
454 877 585 941 theatris
607 877 741 942 summis
770 878 931 942 exornavit
959 875 1151 964 laudibus¹).
1189 878 1244 943 sed
1277 895 1380 960 pauca

138 980 176 1044 de
192 999 301 1045 eorum
322 980 464 1046 uictoriis
487 979 638 1045 habemus
660 980 852 1053 testimonia,
875 980 909 1044 id
925 981 1007 1062 quod
1029 981 1161 1046 fortasse
1184 981 1257 1045 iude
1278 979 1379 1061 expli-

138 1083 202 1147 cari
224 1084 339 1165 potest,
362 1082 445 1166 quod
466 1084 500 1148 in
515 1082 652 1166 publicis
668 1084 823 1148 victorum
839 1083 1100 1166 Dionysiacorum
1124 1083 1284 1148 indicibus
1301 1099 1378 1164 poe-

138 1189 243 1251 tarum
271 1178 525 1268 musteorumq'ue
554 1188 683 1251 nomina
711 1204 772 1250 non
801 1186 1088 1268 inscribebanturh
1114 1185 1247 1268 ideoque
1277 1187 1379 1250 ricto·

139 1289 258 1352 riarum
287 1307 452 1354 numerum
486 1309 548 1354 non
578 1294 645 1353 tam
673 1289 765 1353 facile
792 1289 908 1354 licebat
938 1289 1066 1354 definire
1099 1309 1195 1372 quam
1221 1291 1254 1354 in
1277 1290 1380 1370 poetis

139 1391 300 1456 scaenicis.
327 1377 371 1456 ·'de
403 1391 562 1456 Timothei
593 1392 818 1478 certaminibus
840 1391 1082 1457 Panathenaicis
1112 1395 1206 1456 antea
1235 1391 1308 1455 dixi.
1338 1389 1380 1454 ad

58 1481 64 1488 ’
140 1512 219 1575 quae
249 1499 355 1559 autem
383 1493 550 1558 sollemnia
578 1491 739 1558 referenda
772 1493 837 1558 sint
859 1513 939 1575 quae
963 1494 1001 1557 de
1023 1495 1189 1560 Timotheo
1210 1513 1229 1558 a
1249 1492 1378 1559 Philota

140 1597 275 1677 quodam
298 1596 421 1661 devicto
444 1599 527 1679 apud
552 1593 782 1675 Athenaeum)
813 1599 982 1662 narrantur
1003 1596 1135 1660 dubium
1162 1601 1219 1663 est.
1244 1596 1378 1660 Telestis

141 1700 274 1764 uictoria
296 1698 448 1781 quaedam
471 1699 510 1765 ol
522 1697 607 1776 94,3
622 1696 730 1782 (aban
748 1717 776 1763 a.
795 1697 881 1779 chr.)
898 1717 1053 1764 marmore
1070 1699 1160 1764 Pario
1179 1699 1200 1762 l.
1213 1697 1255 1764 ’19
1270 1718 1318 1780 ομ.
1333 1699 1376 1762 65

140 1803 405 1878 commemoratur
422 1801 473 1884 (cf.
490 1803 579 1884 Dopp
602 1802 640 1866 de
663 1795 768 1866 chron.
786 1801 856 1867 Par.
872 1821 903 1885 p.
920 1803 988 1883 36),
1011 1820 1105 1884 qnam
1123 1802 1257 1885 primam
1281 1801 1377 1865 fuisse

140 1905 206 1970 eins
228 1907 339 1989 poetae
355 1905 434 1970 satis
451 1907 517 1970 veri
531 1904 634 1968 simile
650 1909 707 1968 est.
733 1907 825 1986 atque
849 1924 885 1968 ex
900 1906 1009 1970 eodem
1030 1905 1115 1969 fonto
1137 1909 1263 1988 poetam
1278 1923 1376 1987 queu-

140 2008 215 2071 dam
229 2006 484 2090 Selymbrianum
500 2009 581 2070 intra
598 2024 695 2070 annos
712 2005 751 2068 ol.
765 2006 818 2088 95,
833 2005 859 2096 3„
869 2009 901 2070 et
916 2008 1002 2089 99,4
1024 2007 1159 2072 Athenis
1174 2006 1376 2092 dithyrambo

142 2109 287 2190 vicisse⁵)
303 2109 576 2190 Stesichorumque
591 2109 746 2190 quendam
762 2111 897 2172 alterum
907 2110 933 2192 ὓ)
952 2110 993 2174 ol.
1009 2111 1079 2189 102,
1096 2109 1117 2173 3
1132 2111 1271 2193 primum
1286 2127 1377 2192 prae·

245 2288 266 2355 ¹)
285 2289 343 2342 elii
365 2291 457 2341 tamen
475 2291 525 2341 aut
552 2289 638 2342 lenius
664 2286 795 2342 iudicium
813 2287 935 2342 fecerunt
952 2293 1001 2342 aut
1023 2287 1088 2342 adeo
1106 2290 1269 2343 mutationes
1288 2289 1374 2342 factas

141 2373 395 2443 comprobaverunt,
414 2373 491 2427 uelut
507 2372 669 2427 Aristoteles
688 2373 820 2442 (Metaph.
836 2374 868 2429 X.
887 2380 912 2440 3,
931 2373 1006 2428 Post.
1024 2379 1060 2441 a),
1085 2374 1276 2429 Hermesiauax
1297 2379 1377 2444 poeta

143 2460 335 2529 (Athenlllll
353 2464 404 2513 698
416 2462 450 2527 ο),
469 2459 638 2529 Antiphanes
656 2459 772 2514 eomlons
781 2460 892 2531 (Athen.
902 2459 988 2514 XIIII
1006 2462 1124 2528 erede),
1142 2461 1175 2515 ci.
1186 2462 1302 2515 Geraert
1319 2461 1339 2514 l.
1356 2477 1380 2514 e·

142 2549 171 2602 II
190 2552 241 2600 480
259 2563 306 2616 sq..
325 2547 414 2615 Bergk
432 2548 451 2601 1.
460 2563 483 2601 o.
501 2545 531 2600 11
551 2551 601 2600 119
619 2562 658 2615 sq.

247 2637 267 2700 ²)
292 2633 369 2687 Nihil
392 2634 446 2686 nisi
470 2632 637 2686 theatrorum
661 2631 785 2700 plausum
803 2636 924 2700 expetere
942 2636 1036 2701 poetae
1054 2633 1202 2701 musicique
1220 2631 1375 2696 studebant,

141 2722 178 2774 ci.
203 2720 283 2775 Plato
310 2719 395 2788 Legg.
419 2718 464 2774 111
488 2722 539 2772 '100
563 2735 611 2788 sq,
635 2718 753 2772 Ariston
777 2718 847 2786 apud
870 2717 943 2771 Plnt
962 2717 995 2771 de
1019 2733 1087 2770 mus.
1108 2722 1139 2769 15
1158 2721 1185 2771 et
1203 2721 1245 2782 al,
1265 2717 1380 2772 Aristot.

143 2807 226 2864 Polie.
245 2805 315 2862 V111
333 2811 348 2859 s
369 2808 468 2874 (reor).

248 2893 268 2962 ¹)
286 2892 322 2947 cf.
342 2909 367 2960 p.
393 2897 434 2945 16.
457 2892 598 2957 nescimus,
622 2905 688 2942 nuru
716 2890 877 2943 Aristoteles
904 2891 933 2943 iu
960 2905 1045 2958 opero,
1072 2889 1116 2942 cui
1144 2887 1325 2942 διδασκαλίαι
1342 2888 1381 2940 iu-

142 2979 259 3047 scripsit,
283 2977 520 3047 dIthyramborum
537 2991 642 3044 quoque
658 2979 751 3046 poetas
769 2976 930 3044 respexerit;
957 2977 991 3030 cf.
1009 2975 1132 3030 Meiuelre
1150 2973 1223 3028 Huc.
1242 2975 1380 3028 critcorc.

143 3067 189 3121 Gr.
199 3082 224 3135 p.
235 3072 259 3131 b,
280 3065 382 3134 Kayser
400 3064 474 3118 Hist.
487 3064 547 3121 crit.
560 3066 630 3130 trag.
642 3061 725 3130 pXI,
744 3062 813 3115 Rose
831 3064 915 3116 Arist
933 3061 1103 3130 pseudepigr.
1113 3077 1140 3130 p.
1150 3065 1198 3113 ool
1212 3077 1252 3129 sq.
1271 3060 1303 3114 de
1320 3076 1383 3128 ago-

143 3155 225 3208 nibus
243 3151 411 3220 Diouysiacis
430 3149 610 3203 Dicaearchus
628 3148 728 3201 librum
747 3148 857 3216 scripsit
875 3147 973 3214 (Schol.
991 3149 1037 3201 Ar.
1057 3150 1108 3201 Δν.
1133 3151 1208 3212 1403,
1226 3146 1306 3200 Phot
1324 3163 1346 3202 s.
1359 3163 1384 3198 ν.

142 3241 328 3308 exilientes
346 3237 425 3291 facile
443 3253 457 3290 e
474 3236 566 3290 tltulis
584 3235 736 3303 choragicis
756 3234 910 3303 tabulisque
922 3233 952 3286 iu
964 3233 1109 3286 tabulariis
1127 3233 1277 3290 adservatis
1290 3233 1383 3287 choro-

145 3344 205 3381 rum
225 3326 372 3394 lyricorum
391 3322 520 3378 rietoriae
539 3321 663 3389 componi
681 3324 842 3389 potuerunt;
862 3319 1172 3374 cf.Koehlerh1ibth.d.
1186 3319 1210 3372 d.
1229 3319 1303 3373 arch.
1315 3318 1384 3373 Inst.

145 3414 190 3468 lll
211 3418 267 3468 111.

251 3499 269 3564 ⁴)
301 3497 371 3552 VIII
402 3501 451 3550 ³52
476 3495 507 3548 b:
541 3492 686 3548 l'lolutboo
720 3493 751 3546 δὲ
784 3491 998 3556 σεμνυνομένου
1035 3492 1075 3554 ὡς
1102 3489 1216 3556 ἐνίκησε
1244 3489 1384 3555 Τιμόθεον

145 3587 162 3639 ὁ
187 3587 318 3650 μαθητὴς
342 3585 433 3637 αὐτοῦ
458 3583 590 3643 Φιλωτᾶς
617 3579 771 3644 θαυμάζειν
790 3579 846 3644 ἔφη
872 3577 897 3631 εἰ
914 3578 1027 3642 ἀγνοεῖ,
1050 3579 1096 3657 δτι
1116 3577 1203 3640 αὐτὸς
1223 3578 1273 3642 μὲν
1296 3574 1386 3642 ψηφί-

146 3687 242 3736 σματα
261 3675 345 3734 ποιεί,
362 3669 500 3734 Τιμόθεος
518 3671 550 3722 δὲ
569 3669 684 3733 νόμους.

251 3758 271 3822 ⁶)
291 3756 386 3810 Varias
398 3755 431 3808 de
444 3755 524 3808 huius
542 3759 636 3823 poetae
653 3753 761 3806 neruiue
774 3751 942 3804 coniecturas
955 3731 1153 3817 proposuerunt
1165 3747 1285 3814 homines
1299 3745 1385 3810 docti3

42 3845 44 3852 “
146 3845 179 3898 ci.
199 3843 304 3898 Boeckh
323 3840 433 3898 01e11
460 3857 486 3909 p.
506 3845 565 3904 322,
583 3838 676 3892 Tlach.
696 3839 786 3891 chron.
808 3837 868 3890 Par.
887 3853 913 3906 p.
932 3841 982 3900 31,
1000 3851 1068 3904 quae
1092 3851 1185 3888 omues
1213 3833 1248 3886 ad
1271 3829 1401 3886 inritunr'

43 3929 47 3998 ',
147 3930 255 4000 eadunt,
280 3945 342 3986 cum
360 3930 438 3982 noris
456 3929 514 3981 cius
532 3926 610 3980 tituli
628 3924 794 3993 apographis
813 3925 878 3977 haec
896 3926 924 3976 iu
943 3923 1031 3990 lapide
1055 3923 1155 3990 scripta
1173 3920 1256 3973 fuisse
1274 3919 1385 3972 demon·

45 4001 47 4034 ᾖ
147 4022 250 4072 stratur
273 4019 292 4072 1.
308 4021 350 4070 81.
363 4033 403 4084 ep.
417 4021 466 4068 68:
486 4015 581 4069 ΑΦΟΥ
604 4015 722 4080 spatium
741 4013 895 4066 Iltterarum
913 4013 982 4064 8-9
1000 4010 1022 4062 Σ
1039 4010 1175 4074 (secuntur
1192 4007 1259 4059 dnae
1277 4006 1386 4059 litterae

147 4104 330 4168 oblitteratae)
355 4101 563 4156 ΥΜΒΡΙΑΝΟΣ
587 4100 751 4167 διθυράμβῳ
776 4096 908 4163 ἐνίκησεν
929 4089 1087 4160 Ἀθήνησιν
1112 4095 1162 4158 ἔτη
1190 4093 1273 4155 Η...,
1297 4093 1338 4144 ita
1355 4094 1387 4144 ut

150 4194 238 4244 virum
255 4190 336 4242 illurn
354 4188 570 4256 Selymbrianum
589 4186 673 4239 fuisse
690 4201 737 4254 pro
756 4188 827 4237 certo
853 4181 988 4236 adfirmari
1009 4181 1102 4248 possit.
1121 4179 1153 4231 de
1171 4179 1279 4231 nomine
1297 4180 1386 4230 autem

149 4279 207 4330 eius
233 4276 305 4329 nihil
331 4275 439 4328 oruniuo
467 4276 586 4339 canstat;
613 4289 698 4342 neque
724 4270 797 4324 enim
823 4269 944 4322 litteram
970 4269 1002 4332 Ξ,
1030 4282 1110 4334 quarn
1140 4264 1307 4320 Chaudlerus
1334 4262 1387 4318 sibi

150 4363 279 4418 detexisse
302 4363 375 4415 visus
399 4365 441 4414 est
463 4361 497 4426 (Ξ
512 4399 518 4412 .
533 4361 601 4415 aot
689 4360 739 4414 ΜΕ
812 4355 964 4422 ΡΙΑΝΟΣ),
987 4371 1017 4407 ex
1043 4353 1133 4422 effigie
1156 4351 1298 4406 chartacea
1326 4350 1389 4402 elici

147 4466 226 4518 possa
244 4450 352 4503 monuit
370 4448 446 4516 Dopp
464 4447 483 4500 l.
502 4463 523 4500 ο.

251 4537 274 4600 ‘l
292 4537 310 4591 l.
329 4541 363 4590 85
379 4553 422 4604 ep.
450 4539 483 4588 73
507 4535 558 4602 ἀφ’
583 4533 617 4588 οὓ
641 4530 816 4599 Στησίχορος
844 4531 860 4582 δ
888 4530 1025 4596 Ἱμεραῖος
1051 4528 1067 4579 δ
1095 4525 1230 4592 δεύτερος
1256 4522 1389 4588 ἐνίκησεν
