<?xml version="1.0" encoding="UTF-8"?>
<!DOCTYPE html PUBLIC "-//W3C//DTD XHTML 1.0 Transitional//EN"
    "http://www.w3.org/TR/xhtml1/DTD/xhtml1-transitional.dtd">
<html xmlns="http://www.w3.org/1999/xhtml" xml:lang="en" lang="en">
 <head>
  <title>
</title>
<meta http-equiv="Content-Type" content="text/html;charset=utf-8" />
  <meta name='ocr-system' content='tesseract 3.04.00' />
  <meta name='ocr-capabilities' content='ocr_page ocr_carea ocr_par ocr_line ocrx_word'/>
</head>
<body>
  <div class='ocr_page' id='page_1' title='image "./demusicisgraeco00reisgoog_0013.png"; bbox 0 0 3240 5112; ppageno 0'>
   <div class='ocr_carea' id='block_1_1' title="bbox 1450 328 1471 392">
    <p class='ocr_par' dir='ltr' id='par_1_1' title="bbox 1450 328 1471 392">
     <span class='ocr_line' id='line_1_1' title="bbox 1450 328 1471 392; baseline 0 0"><span class='ocrx_word' id='word_1_1' title='bbox 1450 328 1471 392; x_wconf 84' lang='lat'>5</span> 
     </span>
    </p>
   </div>
   <div class='ocr_carea' id='block_1_2' title="bbox 226 503 1471 699">
    <p class='ocr_par' dir='ltr' id='par_1_2' title="bbox 226 503 1471 696">
     <span class='ocr_line' id='line_1_2' title="bbox 226 503 1471 592; baseline 0.004 -17.02"><span class='ocrx_word' id='word_1_2' title='bbox 226 503 395 590; x_wconf 85' lang='grc' dir='ltr'>ρεσθαιδ</span> <span class='ocrx_word' id='word_1_3' title='bbox 408 512 496 576; x_wconf 77' lang='grc' dir='ltr'>ἔστιν</span> <span class='ocrx_word' id='word_1_4' title='bbox 520 511 628 577; x_wconf 86' lang='grc' dir='ltr'>ἄλλοις</span> <span class='ocrx_word' id='word_1_5' title='bbox 643 533 678 578; x_wconf 89' lang='grc' dir='ltr'>τε</span> <span class='ocrx_word' id='word_1_6' title='bbox 693 513 744 577; x_wconf 88' lang='grc' dir='ltr'>καὶ</span> <span class='ocrx_word' id='word_1_7' title='bbox 761 513 907 592; x_wconf 81' lang='grc' dir='ltr'>Εὐμήλου</span> <span class='ocrx_word' id='word_1_8' title='bbox 923 517 991 579; x_wconf 85' lang='grc' dir='ltr'>τοῖς</span> <span class='ocrx_word' id='word_1_9' title='bbox 1015 514 1136 580; x_wconf 86' lang='grc' dir='ltr'>ἔπεσιν·</span> <span class='ocrx_word' id='word_1_10' title='bbox 1162 515 1294 592; x_wconf 85' lang='grc' dir='ltr'>ἐποίησε</span> <span class='ocrx_word' id='word_1_11' title='bbox 1316 519 1395 592; x_wconf 86' lang='grc' dir='ltr'>γοῦν</span> <span class='ocrx_word' id='word_1_12' title='bbox 1419 517 1471 581; x_wconf 88' lang='grc' dir='ltr'>καὶ</span> 
     </span>
     <span class='ocr_line' id='line_1_3' title="bbox 232 615 1004 699; baseline 0.008 -23"><span class='ocrx_word' id='word_1_13' title='bbox 232 616 350 680; x_wconf 90' lang='grc' dir='ltr'>τάδε</span> <span class='ocrx_word' id='word_1_14' title='bbox 337 635 372 678; x_wconf 91' lang='grc' dir='ltr'>εν</span> <span class='ocrx_word' id='word_1_15' title='bbox 387 622 434 698; x_wconf 83' lang='grc' dir='ltr'>τῷ</span> <span class='ocrx_word' id='word_1_16' title='bbox 458 615 627 699; x_wconf 85' lang='grc' dir='ltr'>προσοδίῳ</span> <span class='ocrx_word' id='word_1_17' title='bbox 651 622 697 698; x_wconf 89' lang='grc' dir='ltr'>τιμ</span> <span class='ocrx_word' id='word_1_18' title='bbox 722 617 756 680; x_wconf 85' lang='grc' dir='ltr'>ἐς</span> <span class='ocrx_word' id='word_1_19' title='bbox 780 617 900 693; x_wconf 90' lang='grc' dir='ltr'>Δῆλον·</span> <span class='ocrx_word' id='word_1_20' title='bbox 1003 691 1004 696; x_wconf 13' lang='lat'>1</span> 
     </span>
    </p>
   </div>
   <div class='ocr_carea' id='block_1_3' title="bbox 172 726 1533 2584">
    <p class='ocr_par' dir='ltr' id='par_1_3' title="bbox 172 726 1533 2584">
     <span class='ocr_line' id='line_1_4' title="bbox 410 726 1200 820; baseline -0.004 -18"><span class='ocrx_word' id='word_1_21' title='bbox 410 737 464 820; x_wconf 83' lang='grc' dir='ltr'>Τιμ</span> <span class='ocrx_word' id='word_1_22' title='bbox 487 737 548 814; x_wconf 86' lang='grc' dir='ltr'>γάρ</span> <span class='ocrx_word' id='word_1_23' title='bbox 571 726 725 820; x_wconf 85' lang='grc' dir='ltr'>Ἰθωμάτᾳ</span> <span class='ocrx_word' id='word_1_24' title='bbox 748 735 941 814; x_wconf 85' lang='grc' dir='ltr'>καταθύμιος</span> <span class='ocrx_word' id='word_1_25' title='bbox 965 737 1077 802; x_wconf 83' lang='grc' dir='ltr'>ἔπλετο</span> <span class='ocrx_word' id='word_1_26' title='bbox 1102 741 1200 815; x_wconf 86' lang='grc' dir='ltr'>μοῑσα</span> 
     </span>
     <span class='ocr_line' id='line_1_5' title="bbox 359 837 1291 920; baseline 0 -16"><span class='ocrx_word' id='word_1_27' title='bbox 359 900 363 904; x_wconf 86' lang='grc'><strong>,</strong></span> <span class='ocrx_word' id='word_1_28' title='bbox 411 838 431 901; x_wconf 91' lang='grc' dir='ltr'><strong>ἁ</strong></span> <span class='ocrx_word' id='word_1_29' title='bbox 454 839 594 917; x_wconf 88' lang='grc' dir='ltr'>καθαρά.</span> <span class='ocrx_word' id='word_1_30' title='bbox 611 838 697 920; x_wconf 82' lang='lat'>...¹)</span> <span class='ocrx_word' id='word_1_31' title='bbox 722 839 772 902; x_wconf 85' lang='grc' dir='ltr'>καὶ</span> <span class='ocrx_word' id='word_1_32' title='bbox 796 839 948 916; x_wconf 83' lang='grc' dir='ltr'>ἐλεύθερα</span> <span class='ocrx_word' id='word_1_33' title='bbox 970 837 1105 918; x_wconf 81' lang='grc' dir='ltr'>σάμβαλ’</span> <span class='ocrx_word' id='word_1_34' title='bbox 1130 839 1245 916; x_wconf 83' lang='grc' dir='ltr'>ἔχοισα</span> <span class='ocrx_word' id='word_1_35' title='bbox 1254 837 1291 918; x_wconf 71' lang='lat'>⁹).</span> 
     </span>
     <span class='ocr_line' id='line_1_6' title="bbox 227 957 1468 1038; baseline 0.003 -18"><span class='ocrx_word' id='word_1_36' title='bbox 227 957 354 1022; x_wconf 85' lang='grc' dir='ltr'>οὐκοῦν</span> <span class='ocrx_word' id='word_1_37' title='bbox 376 958 508 1035; x_wconf 91' lang='grc' dir='ltr'>ποιῆσαί</span> <span class='ocrx_word' id='word_1_38' title='bbox 530 979 582 1037; x_wconf 91' lang='grc' dir='ltr'>μοι</span> <span class='ocrx_word' id='word_1_39' title='bbox 609 963 697 1023; x_wconf 84' lang='grc' dir='ltr'>δοκεῖ</span> <span class='ocrx_word' id='word_1_40' title='bbox 724 959 763 1022; x_wconf 87' lang='grc' dir='ltr'>τά</span> <span class='ocrx_word' id='word_1_41' title='bbox 786 958 846 1036; x_wconf 83' lang='grc' dir='ltr'>ἔπη</span> <span class='ocrx_word' id='word_1_42' title='bbox 870 959 921 1021; x_wconf 85' lang='grc' dir='ltr'>καὶ</span> <span class='ocrx_word' id='word_1_43' title='bbox 943 963 1099 1036; x_wconf 80' lang='grc' dir='ltr'>μουσικῆς</span> <span class='ocrx_word' id='word_1_44' title='bbox 1123 957 1233 1035; x_wconf 86' lang='grc' dir='ltr'>ἀγῶνα</span> <span class='ocrx_word' id='word_1_45' title='bbox 1257 957 1468 1038; x_wconf 85' lang='grc' dir='ltr'>ἐπιστάμενος</span> 
     </span>
     <span class='ocr_line' id='line_1_7' title="bbox 226 1059 1468 1141; baseline 0.004 -19"><span class='ocrx_word' id='word_1_46' title='bbox 226 1061 386 1125; x_wconf 80' lang='grc' dir='ltr'>τιθέντας.</span> <span class='ocrx_word' id='word_1_47' title='bbox 411 1061 463 1124; x_wconf 88' lang='lat' dir='ltr'>sed</span> <span class='ocrx_word' id='word_1_48' title='bbox 480 1061 608 1125; x_wconf 87' lang='lat' dir='ltr'>Eumeli</span> <span class='ocrx_word' id='word_1_49' title='bbox 630 1077 738 1124; x_wconf 85' lang='lat' dir='ltr'>versus</span> <span class='ocrx_word' id='word_1_50' title='bbox 755 1060 915 1125; x_wconf 82' lang='lat' dir='ltr'>Messenae</span> <span class='ocrx_word' id='word_1_51' title='bbox 934 1059 1059 1141; x_wconf 88' lang='lat' dir='ltr'>quidem</span> <span class='ocrx_word' id='word_1_52' title='bbox 1082 1059 1316 1125; x_wconf 85' lang='lat' dir='ltr'>commissiones</span> <span class='ocrx_word' id='word_1_53' title='bbox 1333 1059 1468 1127; x_wconf 87' lang='lat' dir='ltr'>musicas</span> 
     </span>
     <span class='ocr_line' id='line_1_8' title="bbox 233 1154 1469 1241; baseline 0.003 -17"><span class='ocrx_word' id='word_1_54' title='bbox 233 1159 322 1226; x_wconf 89' lang='lat' dir='ltr'>habit</span> <span class='ocrx_word' id='word_1_55' title='bbox 310 1154 357 1226; x_wconf 89' lang='lat' dir='ltr'>tas</span> <span class='ocrx_word' id='word_1_56' title='bbox 381 1181 447 1228; x_wconf 90' lang='lat' dir='ltr'>esse</span> <span class='ocrx_word' id='word_1_57' title='bbox 470 1165 615 1228; x_wconf 90' lang='lat' dir='ltr'>demonst</span> <span class='ocrx_word' id='word_1_58' title='bbox 617 1165 703 1241; x_wconf 83' lang='lat' dir='ltr'>rant,</span> <span class='ocrx_word' id='word_1_59' title='bbox 740 1163 776 1228; x_wconf 90' lang='lat' dir='ltr'>de</span> <span class='ocrx_word' id='word_1_60' title='bbox 806 1165 871 1228; x_wconf 89' lang='lat' dir='ltr'>cert</span> <span class='ocrx_word' id='word_1_61' title='bbox 858 1162 1031 1227; x_wconf 89' lang='lat' dir='ltr'>taminibus</span> <span class='ocrx_word' id='word_1_62' title='bbox 1065 1164 1171 1227; x_wconf 87' lang='lat' dir='ltr'>eutem</span> <span class='ocrx_word' id='word_1_63' title='bbox 1200 1161 1315 1229; x_wconf 90' lang='lat' dir='ltr'>instiut</span> <span class='ocrx_word' id='word_1_64' title='bbox 1318 1163 1371 1228; x_wconf 89' lang='lat' dir='ltr'>tis</span> <span class='ocrx_word' id='word_1_65' title='bbox 1390 1164 1469 1228; x_wconf 89' lang='lat' dir='ltr'><strong>nihil</strong></span> 
     </span>
     <span class='ocr_line' id='line_1_9' title="bbox 228 1264 1468 1350; baseline 0.003 -23"><span class='ocrx_word' id='word_1_66' title='bbox 228 1264 305 1330; x_wconf 85' lang='lat' dir='ltr'>inde</span> <span class='ocrx_word' id='word_1_67' title='bbox 329 1265 435 1349; x_wconf 81' lang='lat' dir='ltr'>colligi</span> <span class='ocrx_word' id='word_1_68' title='bbox 457 1269 571 1350; x_wconf 86' lang='lat' dir='ltr'>potest.</span> <span class='ocrx_word' id='word_1_69' title='bbox 549 1267 734 1331; x_wconf 87' lang='lat' dir='ltr'>teiusdem</span> <span class='ocrx_word' id='word_1_70' title='bbox 757 1267 879 1350; x_wconf 89' lang='lat' dir='ltr'>generis</span> <span class='ocrx_word' id='word_1_71' title='bbox 904 1267 1137 1332; x_wconf 84' lang='lat' dir='ltr'>commissiones</span> <span class='ocrx_word' id='word_1_72' title='bbox 1161 1266 1352 1350; x_wconf 90' lang='lat' dir='ltr'>Polymnesti</span> <span class='ocrx_word' id='word_1_73' title='bbox 1376 1265 1468 1332; x_wconf 85' lang='lat' dir='ltr'>Saca-</span> 
     </span>
     <span class='ocr_line' id='line_1_10' title="bbox 172 1355 1466 1454; baseline 0.003 -22"><span class='ocrx_word' id='word_1_74' title='bbox 172 1355 177 1358; x_wconf 54' lang='grc'><strong>’</strong></span> <span class='ocrx_word' id='word_1_75' title='bbox 229 1370 288 1432; x_wconf 90' lang='lat' dir='ltr'>dae</span> <span class='ocrx_word' id='word_1_76' title='bbox 312 1368 513 1434; x_wconf 79' lang='lat' dir='ltr'>Echembroti</span> <span class='ocrx_word' id='word_1_77' title='bbox 538 1370 729 1452; x_wconf 76' lang='lat' dir='ltr'>temporibus</span> <span class='ocrx_word' id='word_1_78' title='bbox 755 1369 849 1452; x_wconf 89' lang='lat' dir='ltr'>Argis</span> <span class='ocrx_word' id='word_1_79' title='bbox 873 1387 994 1452; x_wconf 88' lang='lat' dir='ltr'>quoqne</span> <span class='ocrx_word' id='word_1_80' title='bbox 1025 1370 1056 1433; x_wconf 91' lang='lat' dir='ltr'>et</span> <span class='ocrx_word' id='word_1_81' title='bbox 1079 1371 1112 1433; x_wconf 93' lang='lat' dir='ltr'>in</span> <span class='ocrx_word' id='word_1_82' title='bbox 1134 1369 1254 1452; x_wconf 86' lang='lat' dir='ltr'>oppidis</span> <span class='ocrx_word' id='word_1_83' title='bbox 1278 1369 1466 1454; x_wconf 61' lang='lat' dir='ltr'>Arcadiam)</span> 
     </span>
     <span class='ocr_line' id='line_1_11' title="bbox 228 1471 1468 1554; baseline 0.002 -20"><span class='ocrx_word' id='word_1_84' title='bbox 228 1472 320 1536; x_wconf 86' lang='lat' dir='ltr'>actas</span> <span class='ocrx_word' id='word_1_85' title='bbox 356 1491 423 1536; x_wconf 91' lang='lat' dir='ltr'>esse</span> <span class='ocrx_word' id='word_1_86' title='bbox 458 1474 650 1554; x_wconf 88' lang='lat' dir='ltr'>compertum</span> <span class='ocrx_word' id='word_1_87' title='bbox 684 1471 835 1538; x_wconf 91' lang='lat' dir='ltr'>habemus</span> <span class='ocrx_word' id='word_1_88' title='bbox 870 1491 905 1536; x_wconf 87' lang='lat' dir='ltr'>ex</span> <span class='ocrx_word' id='word_1_89' title='bbox 940 1471 1104 1537; x_wconf 85' lang='lat' dir='ltr'>Heraclide</span> <span class='ocrx_word' id='word_1_90' title='bbox 1137 1473 1266 1537; x_wconf 85' lang='lat' dir='ltr'>Pontion</span> <span class='ocrx_word' id='word_1_91' title='bbox 1306 1473 1391 1536; x_wconf 89' lang='lat' dir='ltr'>Plut.</span> <span class='ocrx_word' id='word_1_92' title='bbox 1431 1475 1468 1538; x_wconf 90' lang='lat' dir='ltr'>de</span> 
     </span>
     <span class='ocr_line' id='line_1_12' title="bbox 230 1573 1467 1656; baseline 0.004 -17"><span class='ocrx_word' id='word_1_93' title='bbox 230 1595 312 1639; x_wconf 86' lang='lat' dir='ltr'>mus.</span> <span class='ocrx_word' id='word_1_94' title='bbox 337 1577 357 1639; x_wconf 89' lang='grc'>9</span> <span class='ocrx_word' id='word_1_95' title='bbox 387 1573 511 1641; x_wconf 87' lang='grc' dir='ltr'>τούτων</span> <span class='ocrx_word' id='word_1_96' title='bbox 534 1579 593 1656; x_wconf 88' lang='grc' dir='ltr'>γὰρ</span> <span class='ocrx_word' id='word_1_97' title='bbox 619 1578 882 1656; x_wconf 84' lang='grc' dir='ltr'>εἰσηγησαμένων</span> <span class='ocrx_word' id='word_1_98' title='bbox 905 1578 945 1641; x_wconf 90' lang='grc' dir='ltr'>τά</span> <span class='ocrx_word' id='word_1_99' title='bbox 968 1578 1040 1655; x_wconf 87' lang='grc' dir='ltr'>περὶ</span> <span class='ocrx_word' id='word_1_100' title='bbox 1072 1577 1131 1643; x_wconf 87' lang='grc' dir='ltr'>τὰς</span> <span class='ocrx_word' id='word_1_101' title='bbox 1153 1577 1384 1655; x_wconf 79' lang='grc' dir='ltr'>γυμνοπαιδίας</span> <span class='ocrx_word' id='word_1_102' title='bbox 1408 1579 1467 1644; x_wconf 88' lang='grc' dir='ltr'>τὰς</span> 
     </span>
     <span class='ocr_line' id='line_1_13' title="bbox 228 1677 1467 1758; baseline 0.005 -17"><span class='ocrx_word' id='word_1_103' title='bbox 228 1679 266 1742; x_wconf 80' lang='grc' dir='ltr'>ἐν</span> <span class='ocrx_word' id='word_1_104' title='bbox 289 1677 501 1752; x_wconf 91' lang='grc' dir='ltr'>Λακεδαίμονι</span> <span class='ocrx_word' id='word_1_105' title='bbox 534 1681 656 1756; x_wconf 88' lang='grc' dir='ltr'>λέγεται</span> <span class='ocrx_word' id='word_1_106' title='bbox 691 1684 930 1756; x_wconf 80' lang='grc' dir='ltr'>κατασταθῆναι</span> <span class='ocrx_word' id='word_1_107' title='bbox 962 1681 1013 1744; x_wconf 87' lang='grc' dir='ltr'>καὶ</span> <span class='ocrx_word' id='word_1_108' title='bbox 1046 1680 1086 1743; x_wconf 87' lang='grc' dir='ltr'>τὰ</span> <span class='ocrx_word' id='word_1_109' title='bbox 1119 1681 1191 1758; x_wconf 88' lang='grc' dir='ltr'>περὶ</span> <span class='ocrx_word' id='word_1_110' title='bbox 1221 1681 1280 1744; x_wconf 88' lang='grc' dir='ltr'>τὰς</span> <span class='ocrx_word' id='word_1_111' title='bbox 1305 1679 1467 1748; x_wconf 80' lang='grc' dir='ltr'>ἐπιδείξεις</span> 
     </span>
     <span class='ocr_line' id='line_1_14' title="bbox 227 1779 1533 1868; baseline 0.005 -25"><span class='ocrx_word' id='word_1_112' title='bbox 227 1782 289 1845; x_wconf 87' lang='grc' dir='ltr'>τὰς</span> <span class='ocrx_word' id='word_1_113' title='bbox 313 1782 349 1846; x_wconf 79' lang='grc' dir='ltr'>ἐν</span> <span class='ocrx_word' id='word_1_114' title='bbox 364 1781 524 1866; x_wconf 85' lang='grc' dir='ltr'>Ἀρκαδίᾳ,</span> <span class='ocrx_word' id='word_1_115' title='bbox 540 1787 605 1846; x_wconf 85' lang='grc' dir='ltr'>τῶν</span> <span class='ocrx_word' id='word_1_116' title='bbox 621 1804 655 1847; x_wconf 91' lang='grc' dir='ltr'>τε</span> <span class='ocrx_word' id='word_1_117' title='bbox 672 1783 706 1846; x_wconf 82' lang='grc' dir='ltr'>ἐν</span> <span class='ocrx_word' id='word_1_118' title='bbox 719 1783 828 1859; x_wconf 84' lang='grc' dir='ltr'>Ἄργει</span> <span class='ocrx_word' id='word_1_119' title='bbox 843 1783 883 1844; x_wconf 88' lang='grc' dir='ltr'>τὰ</span> <span class='ocrx_word' id='word_1_120' title='bbox 901 1782 1071 1859; x_wconf 87' lang='grc' dir='ltr'>ἐνδυμάτια</span> <span class='ocrx_word' id='word_1_121' title='bbox 1088 1783 1267 1861; x_wconf 91' lang='grc' dir='ltr'>καλούμενα</span> <span class='ocrx_word' id='word_1_122' title='bbox 1277 1779 1314 1863; x_wconf 78' lang='lat'>⁴).</span> <span class='ocrx_word' id='word_1_123' title='bbox 1338 1781 1467 1866; x_wconf 83' lang='lat' dir='ltr'>Sicyone</span> <span class='ocrx_word' id='word_1_124' title='bbox 1524 1861 1533 1868; x_wconf 72' lang='lat'><em>,</em></span> 
     </span>
     <span class='ocr_line' id='line_1_15' title="bbox 227 1882 1468 1966; baseline 0.005 -21"><span class='ocrx_word' id='word_1_125' title='bbox 227 1883 296 1946; x_wconf 88' lang='lat' dir='ltr'>iam</span> <span class='ocrx_word' id='word_1_126' title='bbox 320 1885 392 1947; x_wconf 92' lang='lat' dir='ltr'>ante</span> <span class='ocrx_word' id='word_1_127' title='bbox 409 1882 578 1948; x_wconf 80' lang='lat' dir='ltr'>Clisthenis</span> <span class='ocrx_word' id='word_1_128' title='bbox 601 1882 727 1966; x_wconf 87' lang='lat' dir='ltr'>tyranni</span> <span class='ocrx_word' id='word_1_129' title='bbox 752 1884 890 1946; x_wconf 83' lang='lat' dir='ltr'>aetatem</span> <span class='ocrx_word' id='word_1_130' title='bbox 913 1883 1140 1964; x_wconf 88' lang='lat' dir='ltr'>rhapsodorum</span> <span class='ocrx_word' id='word_1_131' title='bbox 1163 1885 1336 1949; x_wconf 89' lang='lat' dir='ltr'>certamina</span> <span class='ocrx_word' id='word_1_132' title='bbox 1360 1885 1468 1952; x_wconf 89' lang='lat' dir='ltr'>habita</span> 
     </span>
     <span class='ocr_line' id='line_1_16' title="bbox 227 1985 1467 2061; baseline 0.005 -14"><span class='ocrx_word' id='word_1_133' title='bbox 227 2002 299 2048; x_wconf 89' lang='lat' dir='ltr'>esse</span> <span class='ocrx_word' id='word_1_134' title='bbox 323 1985 499 2050; x_wconf 91' lang='lat' dir='ltr'>Herodotus</span> <span class='ocrx_word' id='word_1_135' title='bbox 523 1987 551 2050; x_wconf 88' lang='lat' dir='ltr'>V</span> <span class='ocrx_word' id='word_1_136' title='bbox 573 1987 613 2049; x_wconf 79' lang='grc'>67</span> <span class='ocrx_word' id='word_1_137' title='bbox 649 1986 862 2050; x_wconf 89' lang='lat' dir='ltr'>demonstrare</span> <span class='ocrx_word' id='word_1_138' title='bbox 886 1985 1020 2061; x_wconf 89' lang='lat' dir='ltr'>videtur,</span> <span class='ocrx_word' id='word_1_139' title='bbox 1051 1987 1132 2050; x_wconf 92' lang='lat' dir='ltr'>unde</span> <span class='ocrx_word' id='word_1_140' title='bbox 1155 1985 1222 2050; x_wconf 88' lang='lat' dir='ltr'>eius</span> <span class='ocrx_word' id='word_1_141' title='bbox 1247 1988 1330 2051; x_wconf 91' lang='lat' dir='ltr'>modi</span> <span class='ocrx_word' id='word_1_142' title='bbox 1352 1988 1467 2054; x_wconf 87' lang='lat' dir='ltr'>recita-</span> 
     </span>
     <span class='ocr_line' id='line_1_17' title="bbox 226 2087 1467 2172; baseline 0.003 -20"><span class='ocrx_word' id='word_1_143' title='bbox 226 2087 332 2153; x_wconf 89' lang='lat' dir='ltr'>tiones</span> <span class='ocrx_word' id='word_1_144' title='bbox 355 2088 450 2172; x_wconf 89' lang='lat' dir='ltr'>Argis</span> <span class='ocrx_word' id='word_1_145' title='bbox 481 2107 600 2172; x_wconf 89' lang='lat' dir='ltr'>quoque</span> <span class='ocrx_word' id='word_1_146' title='bbox 623 2089 757 2154; x_wconf 85' lang='lat' dir='ltr'>usitatas</span> <span class='ocrx_word' id='word_1_147' title='bbox 773 2088 876 2153; x_wconf 79' lang='lat' dir='ltr'>duisse</span> <span class='ocrx_word' id='word_1_148' title='bbox 900 2089 1001 2153; x_wconf 89' lang='lat' dir='ltr'>conici</span> <span class='ocrx_word' id='word_1_149' title='bbox 1024 2090 1143 2172; x_wconf 80' lang='lat' dir='ltr'>potest3</span> <span class='ocrx_word' id='word_1_150' title='bbox 1168 2107 1204 2154; x_wconf 91' lang='lat' dir='ltr'>ao</span> <span class='ocrx_word' id='word_1_151' title='bbox 1227 2087 1387 2172; x_wconf 84' lang='lat' dir='ltr'>Sicyonios</span> <span class='ocrx_word' id='word_1_152' title='bbox 1402 2092 1467 2156; x_wconf 87' lang='lat' dir='ltr'>iam</span> 
     </span>
     <span class='ocr_line' id='line_1_18' title="bbox 227 2189 1467 2271; baseline 0.005 -18"><span class='ocrx_word' id='word_1_153' title='bbox 227 2190 407 2271; x_wconf 85' lang='lat' dir='ltr'>antiquitus</span> <span class='ocrx_word' id='word_1_154' title='bbox 431 2189 623 2255; x_wconf 84' lang='lat' dir='ltr'>carminibus</span> <span class='ocrx_word' id='word_1_155' title='bbox 646 2191 778 2257; x_wconf 89' lang='lat' dir='ltr'>chorieis</span> <span class='ocrx_word' id='word_1_156' title='bbox 801 2192 973 2256; x_wconf 76' lang='lat' dir='ltr'>Adrastum</span> <span class='ocrx_word' id='word_1_157' title='bbox 997 2190 1171 2256; x_wconf 81' lang='lat' dir='ltr'>celebrasse</span> <span class='ocrx_word' id='word_1_158' title='bbox 1193 2191 1276 2256; x_wconf 91' lang='lat' dir='ltr'>idem</span> <span class='ocrx_word' id='word_1_159' title='bbox 1293 2193 1467 2259; x_wconf 90' lang='lat' dir='ltr'>Herodotus</span> 
     </span>
     <span class='ocr_line' id='line_1_19' title="bbox 227 2293 1465 2379; baseline 0.004 -24"><span class='ocrx_word' id='word_1_160' title='bbox 227 2293 373 2358; x_wconf 83' lang='lat' dir='ltr'>testatur.</span> <span class='ocrx_word' id='word_1_161' title='bbox 399 2298 431 2358; x_wconf 92' lang='lat' dir='ltr'>et</span> <span class='ocrx_word' id='word_1_162' title='bbox 454 2294 726 2377; x_wconf 90' lang='lat' dir='ltr'>dithyramborum</span> <span class='ocrx_word' id='word_1_163' title='bbox 748 2299 849 2359; x_wconf 83' lang='lat' dir='ltr'>artem</span> <span class='ocrx_word' id='word_1_164' title='bbox 869 2294 999 2378; x_wconf 77' lang='lat' dir='ltr'>Sicyone</span> <span class='ocrx_word' id='word_1_165' title='bbox 1022 2299 1053 2359; x_wconf 93' lang='lat' dir='ltr'>et</span> <span class='ocrx_word' id='word_1_166' title='bbox 1077 2294 1219 2360; x_wconf 81' lang='lat' dir='ltr'>Corinthi</span> <span class='ocrx_word' id='word_1_167' title='bbox 1241 2295 1334 2360; x_wconf 89' lang='lat' dir='ltr'>initia</span> <span class='ocrx_word' id='word_1_168' title='bbox 1350 2296 1465 2379; x_wconf 89' lang='lat' dir='ltr'>cepisse</span> 
     </span>
     <span class='ocr_line' id='line_1_20' title="bbox 226 2396 1466 2482; baseline 0.004 -23"><span class='ocrx_word' id='word_1_169' title='bbox 226 2396 378 2480; x_wconf 79' lang='lat' dir='ltr'>Epigonis</span> <span class='ocrx_word' id='word_1_170' title='bbox 403 2397 589 2481; x_wconf 90' lang='lat' dir='ltr'>Arionisque</span> <span class='ocrx_word' id='word_1_171' title='bbox 624 2398 804 2463; x_wconf 86' lang='lat' dir='ltr'>nominibus</span> <span class='ocrx_word' id='word_1_172' title='bbox 839 2397 1045 2463; x_wconf 87' lang='lat' dir='ltr'>demonstrari</span> <span class='ocrx_word' id='word_1_173' title='bbox 1073 2401 1184 2480; x_wconf 89' lang='lat' dir='ltr'>potest.</span> <span class='ocrx_word' id='word_1_174' title='bbox 1230 2399 1310 2480; x_wconf 89' lang='lat' dir='ltr'>ipsos</span> <span class='ocrx_word' id='word_1_175' title='bbox 1345 2417 1466 2482; x_wconf 90' lang='lat' dir='ltr'>quoque</span> 
     </span>
     <span class='ocr_line' id='line_1_21' title="bbox 227 2499 1465 2584; baseline 0.006 -24"><span class='ocrx_word' id='word_1_176' title='bbox 227 2500 392 2582; x_wconf 88' lang='lat' dir='ltr'>utriusque</span> <span class='ocrx_word' id='word_1_177' title='bbox 409 2499 495 2566; x_wconf 90' lang='lat' dir='ltr'>urbis</span> <span class='ocrx_word' id='word_1_178' title='bbox 512 2505 661 2584; x_wconf 90' lang='lat' dir='ltr'>tyrannos</span> <span class='ocrx_word' id='word_1_179' title='bbox 677 2503 796 2566; x_wconf 89' lang='lat' dir='ltr'>artibus</span> <span class='ocrx_word' id='word_1_180' title='bbox 813 2499 942 2564; x_wconf 89' lang='lat' dir='ltr'>musicis</span> <span class='ocrx_word' id='word_1_181' title='bbox 958 2499 1098 2564; x_wconf 83' lang='lat' dir='ltr'>colendis</span> <span class='ocrx_word' id='word_1_182' title='bbox 1115 2517 1240 2583; x_wconf 90' lang='lat' dir='ltr'>operam</span> <span class='ocrx_word' id='word_1_183' title='bbox 1257 2501 1377 2567; x_wconf 87' lang='lat' dir='ltr'>dedisse</span> <span class='ocrx_word' id='word_1_184' title='bbox 1392 2503 1465 2568; x_wconf 92' lang='lat' dir='ltr'>inde</span> 
     </span>
    </p>
   </div>
   <div class='ocr_carea' id='block_1_4' title="bbox 224 2602 1465 2788">
    <p class='ocr_par' dir='ltr' id='par_1_4' title="bbox 224 2602 1465 2788">
     <span class='ocr_line' id='line_1_22' title="bbox 224 2602 1465 2686; baseline 0.004 -20"><span class='ocrx_word' id='word_1_185' title='bbox 224 2603 376 2686; x_wconf 84' lang='lat' dir='ltr'>colligere</span> <span class='ocrx_word' id='word_1_186' title='bbox 410 2622 591 2686; x_wconf 89' lang='lat' dir='ltr'>possumus,</span> <span class='ocrx_word' id='word_1_187' title='bbox 627 2605 707 2686; x_wconf 90' lang='lat' dir='ltr'>quod</span> <span class='ocrx_word' id='word_1_188' title='bbox 741 2605 909 2668; x_wconf 89' lang='lat' dir='ltr'>Periander</span> <span class='ocrx_word' id='word_1_189' title='bbox 933 2603 1081 2668; x_wconf 85' lang='lat' dir='ltr'>Arionem</span> <span class='ocrx_word' id='word_1_190' title='bbox 1112 2603 1260 2681; x_wconf 81' lang='lat' dir='ltr'>adscivit,</span> <span class='ocrx_word' id='word_1_191' title='bbox 1288 2602 1465 2671; x_wconf 84' lang='lat' dir='ltr'>Clisthenes</span> 
     </span>
     <span class='ocr_line' id='line_1_23' title="bbox 224 2703 1025 2788; baseline 0.002 -20"><span class='ocrx_word' id='word_1_192' title='bbox 224 2707 335 2768; x_wconf 87' lang='lat' dir='ltr'>antem</span> <span class='ocrx_word' id='word_1_193' title='bbox 359 2705 475 2788; x_wconf 88' lang='lat' dir='ltr'>Pythia</span> <span class='ocrx_word' id='word_1_194' title='bbox 498 2705 639 2788; x_wconf 84' lang='lat' dir='ltr'>Sicyonia</span> <span class='ocrx_word' id='word_1_195' title='bbox 661 2707 838 2773; x_wconf 88' lang='lat' dir='ltr'>instituisse</span> <span class='ocrx_word' id='word_1_196' title='bbox 862 2706 978 2772; x_wconf 91' lang='lat' dir='ltr'>dicitur</span> <span class='ocrx_word' id='word_1_197' title='bbox 987 2703 1025 2787; x_wconf 87' lang='lat'>⁵).</span> 
     </span>
    </p>
   </div>
   <div class='ocr_carea' id='block_1_5' title="bbox 228 2847 431 2856">
    <p class='ocr_par' dir='ltr' id='par_1_5' title="bbox 228 2847 431 2856">
     <span class='ocr_line' id='line_1_24' title="bbox 228 2847 431 2856; baseline 0.015 -3"><span class='ocrx_word' id='word_1_198' title='bbox 228 2847 431 2856; x_wconf 66' lang='lat'><em>.-·-—.——.</em></span> 
     </span>
    </p>
   </div>
   <div class='ocr_carea' id='block_1_6' title="bbox 219 2915 1464 3415">
    <p class='ocr_par' dir='ltr' id='par_1_6' title="bbox 223 2915 1463 3069">
     <span class='ocr_line' id='line_1_25' title="bbox 335 2915 1463 2986; baseline 0 -18"><span class='ocrx_word' id='word_1_199' title='bbox 335 2915 390 2980; x_wconf 74' lang='grc' dir='ltr'>’λὰ</span> <span class='ocrx_word' id='word_1_200' title='bbox 419 2917 547 2982; x_wconf 85' lang='grc' dir='ltr'>καθαρὰν</span> <span class='ocrx_word' id='word_1_201' title='bbox 575 2916 685 2984; x_wconf 87' lang='grc' dir='ltr'>κίθαριν</span> <span class='ocrx_word' id='word_1_202' title='bbox 710 2919 756 2970; x_wconf 82' lang='grc' dir='ltr'>καί</span> <span class='ocrx_word' id='word_1_203' title='bbox 784 2918 822 2970; x_wconf 77' lang='lat' dir='ltr'>th.</span> <span class='ocrx_word' id='word_1_204' title='bbox 842 2916 930 2984; x_wconf 86' lang='lat' dir='ltr'>Bergk</span> <span class='ocrx_word' id='word_1_205' title='bbox 958 2919 1032 2970; x_wconf 80' lang='lat' dir='ltr'>Post</span> <span class='ocrx_word' id='word_1_206' title='bbox 1051 2917 1102 2986; x_wconf 91' lang='lat' dir='ltr'>lyr.</span> <span class='ocrx_word' id='word_1_207' title='bbox 1121 2915 1180 2976; x_wconf 83' lang='lat' dir='ltr'>Gr.⁴</span> <span class='ocrx_word' id='word_1_208' title='bbox 1199 2916 1243 2970; x_wconf 90' lang='lat' dir='ltr'>III</span> <span class='ocrx_word' id='word_1_209' title='bbox 1270 2919 1332 2984; x_wconf 78' lang='grc' dir='ltr'>μθ</span> <span class='ocrx_word' id='word_1_210' title='bbox 1358 2916 1463 2972; x_wconf 91' lang='lat' dir='ltr'>acutius</span> 
     </span>
     <span class='ocr_line' id='line_1_26' title="bbox 223 3001 558 3069; baseline 0.012 -17"><span class='ocrx_word' id='word_1_211' title='bbox 223 3015 309 3069; x_wconf 88' lang='lat' dir='ltr'>quam</span> <span class='ocrx_word' id='word_1_212' title='bbox 329 3001 420 3054; x_wconf 80' lang='lat' dir='ltr'>verius</span> <span class='ocrx_word' id='word_1_213' title='bbox 439 3001 558 3056; x_wconf 87' lang='lat' dir='ltr'>coniecit.</span> 
     </span>
    </p>

    <p class='ocr_par' dir='ltr' id='par_1_7' title="bbox 223 3087 1464 3237">
     <span class='ocr_line' id='line_1_27' title="bbox 332 3087 1464 3158; baseline 0.003 -19"><span class='ocrx_word' id='word_1_214' title='bbox 332 3087 352 3154; x_wconf 80' lang='lat'>²)</span> <span class='ocrx_word' id='word_1_215' title='bbox 372 3088 446 3140; x_wconf 84' lang='lat' dir='ltr'>Satis</span> <span class='ocrx_word' id='word_1_216' title='bbox 465 3088 573 3141; x_wconf 78' lang='lat' dir='ltr'>confuse</span> <span class='ocrx_word' id='word_1_217' title='bbox 584 3088 617 3140; x_wconf 91' lang='lat' dir='ltr'>de</span> <span class='ocrx_word' id='word_1_218' title='bbox 627 3087 732 3142; x_wconf 83' lang='lat' dir='ltr'>Eumeli</span> <span class='ocrx_word' id='word_1_219' title='bbox 742 3087 871 3142; x_wconf 87' lang='lat' dir='ltr'>verbisdis</span> <span class='ocrx_word' id='word_1_220' title='bbox 882 3091 961 3157; x_wconf 83' lang='lat' dir='ltr'>putat</span> <span class='ocrx_word' id='word_1_221' title='bbox 972 3088 1055 3142; x_wconf 82' lang='lat' dir='ltr'>Flach</span> <span class='ocrx_word' id='word_1_222' title='bbox 1068 3088 1085 3140; x_wconf 90' lang='lat' dir='ltr'>l.</span> <span class='ocrx_word' id='word_1_223' title='bbox 1098 3105 1120 3143; x_wconf 91' lang='lat' dir='ltr'>c.</span> <span class='ocrx_word' id='word_1_224' title='bbox 1133 3104 1159 3157; x_wconf 86' lang='lat' dir='ltr'>p.</span> <span class='ocrx_word' id='word_1_225' title='bbox 1169 3093 1210 3153; x_wconf 81' lang='grc'>91,</span> <span class='ocrx_word' id='word_1_226' title='bbox 1225 3087 1281 3156; x_wconf 87' lang='lat' dir='ltr'>qui,</span> <span class='ocrx_word' id='word_1_227' title='bbox 1293 3087 1364 3158; x_wconf 87' lang='lat' dir='ltr'>quod</span> <span class='ocrx_word' id='word_1_228' title='bbox 1376 3103 1464 3158; x_wconf 85' lang='lat' dir='ltr'>agona</span> 
     </span>
     <span class='ocr_line' id='line_1_28' title="bbox 223 3170 973 3237; baseline 0.005 -13"><span class='ocrx_word' id='word_1_229' title='bbox 223 3170 308 3225; x_wconf 81' lang='lat' dir='ltr'>illurn</span> <span class='ocrx_word' id='word_1_230' title='bbox 327 3173 475 3226; x_wconf 88' lang='lat' dir='ltr'>auleticum</span> <span class='ocrx_word' id='word_1_231' title='bbox 496 3172 580 3228; x_wconf 83' lang='lat' dir='ltr'>fuisso</span> <span class='ocrx_word' id='word_1_232' title='bbox 597 3173 673 3237; x_wconf 90' lang='lat' dir='ltr'>dicit,</span> <span class='ocrx_word' id='word_1_233' title='bbox 691 3173 838 3228; x_wconf 83' lang='lat' dir='ltr'>manifesto</span> <span class='ocrx_word' id='word_1_234' title='bbox 857 3174 973 3228; x_wconf 83' lang='lat' dir='ltr'>fallitur.</span> 
     </span>
    </p>

    <p class='ocr_par' dir='ltr' id='par_1_8' title="bbox 219 3251 1462 3415">
     <span class='ocr_line' id='line_1_29' title="bbox 331 3251 1462 3329; baseline 0.004 -19"><span class='ocrx_word' id='word_1_235' title='bbox 331 3258 352 3325; x_wconf 79' lang='lat'>⁸)</span> <span class='ocrx_word' id='word_1_236' title='bbox 373 3257 411 3311; x_wconf 91' lang='lat' dir='ltr'>De</span> <span class='ocrx_word' id='word_1_237' title='bbox 429 3257 565 3312; x_wconf 79' lang='lat' dir='ltr'>Arcadum</span> <span class='ocrx_word' id='word_1_238' title='bbox 584 3251 758 3314; x_wconf 87' lang='lat' dir='ltr'>sollemnibus</span> <span class='ocrx_word' id='word_1_239' title='bbox 776 3261 811 3312; x_wconf 90' lang='lat' dir='ltr'>cf.</span> <span class='ocrx_word' id='word_1_240' title='bbox 829 3260 923 3329; x_wconf 80' lang='lat' dir='ltr'>Polyb.</span> <span class='ocrx_word' id='word_1_241' title='bbox 942 3260 981 3314; x_wconf 88' lang='lat' dir='ltr'>IV</span> <span class='ocrx_word' id='word_1_242' title='bbox 1000 3263 1041 3312; x_wconf 81' lang='lat'>20.</span> <span class='ocrx_word' id='word_1_243' title='bbox 1056 3260 1108 3314; x_wconf 88' lang='lat' dir='ltr'>hue</span> <span class='ocrx_word' id='word_1_244' title='bbox 1126 3259 1264 3314; x_wconf 85' lang='lat' dir='ltr'>referenda</span> <span class='ocrx_word' id='word_1_245' title='bbox 1282 3258 1406 3314; x_wconf 87' lang='lat' dir='ltr'>uidentur</span> <span class='ocrx_word' id='word_1_246' title='bbox 1423 3278 1462 3325; x_wconf 88' lang='lat' dir='ltr'>ea,</span> 
     </span>
     <span class='ocr_line' id='line_1_30' title="bbox 219 3344 1462 3415; baseline 0.002 -18"><span class='ocrx_word' id='word_1_247' title='bbox 219 3359 293 3412; x_wconf 81' lang='lat' dir='ltr'>quae</span> <span class='ocrx_word' id='word_1_248' title='bbox 320 3345 391 3413; x_wconf 86' lang='lat' dir='ltr'>apud</span> <span class='ocrx_word' id='word_1_249' title='bbox 418 3344 607 3400; x_wconf 83' lang='lat' dir='ltr'>Philodamum</span> <span class='ocrx_word' id='word_1_250' title='bbox 635 3347 763 3415; x_wconf 84' lang='lat' dir='ltr'>leguntur</span> <span class='ocrx_word' id='word_1_251' title='bbox 785 3348 817 3400; x_wconf 90' lang='lat' dir='ltr'>de</span> <span class='ocrx_word' id='word_1_252' title='bbox 850 3364 917 3401; x_wconf 91' lang='lat' dir='ltr'>mus.</span> <span class='ocrx_word' id='word_1_253' title='bbox 941 3346 1007 3400; x_wconf 79' lang='lat' dir='ltr'>Iro</span> <span class='ocrx_word' id='word_1_254' title='bbox 1032 3363 1058 3415; x_wconf 91' lang='lat' dir='ltr'>p.</span> <span class='ocrx_word' id='word_1_255' title='bbox 1079 3349 1111 3398; x_wconf 85' lang='lat' dir='ltr'>lo</span> <span class='ocrx_word' id='word_1_256' title='bbox 1138 3346 1251 3411; x_wconf 76' lang='lat' dir='ltr'>Kemlre3</span> <span class='ocrx_word' id='word_1_257' title='bbox 1281 3345 1315 3399; x_wconf 84' lang='lat' dir='ltr'>cl.</span> <span class='ocrx_word' id='word_1_258' title='bbox 1335 3346 1409 3402; x_wconf 86' lang='lat' dir='ltr'>Plut.</span> <span class='ocrx_word' id='word_1_259' title='bbox 1430 3347 1462 3400; x_wconf 90' lang='lat' dir='ltr'>de</span> 
     </span>
    </p>
   </div>
   <div class='ocr_carea' id='block_1_7' title="bbox 124 3432 1460 3502">
    <p class='ocr_par' dir='ltr' id='par_1_9' title="bbox 124 3432 1460 3502">
     <span class='ocr_line' id='line_1_31' title="bbox 124 3432 1460 3502; baseline 0.001 -18"><span class='ocrx_word' id='word_1_260' title='bbox 124 3443 126 3448; x_wconf 84' lang='lat'>·</span> <span class='ocrx_word' id='word_1_261' title='bbox 222 3447 293 3485; x_wconf 87' lang='lat' dir='ltr'>mus.</span> <span class='ocrx_word' id='word_1_262' title='bbox 322 3437 364 3485; x_wconf 77' lang='lat'>32.</span> <span class='ocrx_word' id='word_1_263' title='bbox 395 3432 427 3486; x_wconf 89' lang='lat' dir='ltr'>de</span> <span class='ocrx_word' id='word_1_264' title='bbox 452 3433 562 3502; x_wconf 85' lang='lat' dir='ltr'>Argivis</span> <span class='ocrx_word' id='word_1_265' title='bbox 586 3433 658 3502; x_wconf 88' lang='lat' dir='ltr'>apud</span> <span class='ocrx_word' id='word_1_266' title='bbox 686 3433 851 3489; x_wconf 86' lang='lat' dir='ltr'>Herodotum</span> <span class='ocrx_word' id='word_1_267' title='bbox 878 3435 922 3489; x_wconf 83' lang='grc' dir='ltr'>ΙΙΙ</span> <span class='ocrx_word' id='word_1_268' title='bbox 952 3439 998 3488; x_wconf 83' lang='grc'>131</span> <span class='ocrx_word' id='word_1_269' title='bbox 1026 3434 1157 3502; x_wconf 85' lang='lat' dir='ltr'>legimus:</span> <span class='ocrx_word' id='word_1_270' title='bbox 1186 3435 1260 3488; x_wconf 87' lang='grc' dir='ltr'>κατὰ</span> <span class='ocrx_word' id='word_1_271' title='bbox 1288 3433 1339 3486; x_wconf 83' lang='grc' dir='ltr'>τὸν</span> <span class='ocrx_word' id='word_1_272' title='bbox 1371 3433 1460 3486; x_wconf 88' lang='grc' dir='ltr'>αὺτὸν</span> 
     </span>
    </p>
   </div>
   <div class='ocr_carea' id='block_1_8' title="bbox 217 3518 1461 4619">
    <p class='ocr_par' dir='ltr' id='par_1_10' title="bbox 217 3518 1461 4619">
     <span class='ocr_line' id='line_1_32' title="bbox 220 3518 1459 3587; baseline -0.002 -15"><span class='ocrx_word' id='word_1_273' title='bbox 220 3519 255 3573; x_wconf 80' lang='grc' dir='ltr'>δὲ</span> <span class='ocrx_word' id='word_1_274' title='bbox 283 3519 390 3586; x_wconf 82' lang='grc' dir='ltr'>χρόνον</span> <span class='ocrx_word' id='word_1_275' title='bbox 421 3523 467 3578; x_wconf 85' lang='grc' dir='ltr'>καί</span> <span class='ocrx_word' id='word_1_276' title='bbox 499 3518 626 3587; x_wconf 80' lang='grc' dir='ltr'>Ἀργεῖοι</span> <span class='ocrx_word' id='word_1_277' title='bbox 655 3523 762 3586; x_wconf 86' lang='grc' dir='ltr'>ῆκουον</span> <span class='ocrx_word' id='word_1_278' title='bbox 793 3523 932 3587; x_wconf 86' lang='grc' dir='ltr'>μουσικὴν</span> <span class='ocrx_word' id='word_1_279' title='bbox 962 3522 1036 3575; x_wconf 74' lang='grc' dir='ltr'>εἶναι</span> <span class='ocrx_word' id='word_1_280' title='bbox 1060 3521 1204 3586; x_wconf 80' lang='grc' dir='ltr'>Ἑλλήνων</span> <span class='ocrx_word' id='word_1_281' title='bbox 1234 3523 1344 3586; x_wconf 81' lang='grc' dir='ltr'>πρῶτοι</span> <span class='ocrx_word' id='word_1_282' title='bbox 1370 3518 1459 3587; x_wconf 86' lang='lat' dir='ltr'>(Poly-</span> 
     </span>
     <span class='ocr_line' id='line_1_33' title="bbox 219 3603 1461 3675; baseline 0 -17"><span class='ocrx_word' id='word_1_283' title='bbox 219 3606 307 3658; x_wconf 85' lang='lat' dir='ltr'>cratis</span> <span class='ocrx_word' id='word_1_284' title='bbox 325 3606 431 3660; x_wconf 89' lang='lat' dir='ltr'>scilicet</span> <span class='ocrx_word' id='word_1_285' title='bbox 449 3607 534 3660; x_wconf 86' lang='lat' dir='ltr'>Samii</span> <span class='ocrx_word' id='word_1_286' title='bbox 552 3609 663 3674; x_wconf 85' lang='lat' dir='ltr'>aetate).</span> <span class='ocrx_word' id='word_1_287' title='bbox 694 3622 762 3674; x_wconf 89' lang='lat' dir='ltr'>quae</span> <span class='ocrx_word' id='word_1_288' title='bbox 780 3606 861 3661; x_wconf 86' lang='lat' dir='ltr'>rerba</span> <span class='ocrx_word' id='word_1_289' title='bbox 879 3621 1040 3674; x_wconf 86' lang='lat' dir='ltr'>quamquam</span> <span class='ocrx_word' id='word_1_290' title='bbox 1069 3621 1117 3675; x_wconf 93' lang='lat' dir='ltr'>pro</span> <span class='ocrx_word' id='word_1_291' title='bbox 1144 3605 1316 3673; x_wconf 85' lang='lat' dir='ltr'>interpolatis</span> <span class='ocrx_word' id='word_1_292' title='bbox 1343 3603 1461 3658; x_wconf 87' lang='lat' dir='ltr'>editores</span> 
     </span>
     <span class='ocr_line' id='line_1_34' title="bbox 222 3691 1460 3760; baseline 0 -16"><span class='ocrx_word' id='word_1_293' title='bbox 222 3695 296 3744; x_wconf 87' lang='lat' dir='ltr'>recte</span> <span class='ocrx_word' id='word_1_294' title='bbox 315 3691 424 3758; x_wconf 86' lang='lat' dir='ltr'>habent,</span> <span class='ocrx_word' id='word_1_295' title='bbox 443 3695 532 3744; x_wconf 86' lang='lat' dir='ltr'>tamen</span> <span class='ocrx_word' id='word_1_296' title='bbox 553 3707 584 3746; x_wconf 86' lang='lat' dir='ltr'>ea</span> <span class='ocrx_word' id='word_1_297' title='bbox 601 3691 635 3744; x_wconf 87' lang='lat' dir='ltr'>ab</span> <span class='ocrx_word' id='word_1_298' title='bbox 654 3693 766 3759; x_wconf 88' lang='lat' dir='ltr'>antiquo</span> <span class='ocrx_word' id='word_1_299' title='bbox 784 3695 812 3744; x_wconf 90' lang='lat' dir='ltr'>et</span> <span class='ocrx_word' id='word_1_300' title='bbox 831 3692 909 3746; x_wconf 87' lang='lat' dir='ltr'>docto</span> <span class='ocrx_word' id='word_1_301' title='bbox 927 3693 1105 3760; x_wconf 85' lang='lat' dir='ltr'>grammatico</span> <span class='ocrx_word' id='word_1_302' title='bbox 1125 3692 1225 3745; x_wconf 86' lang='lat' dir='ltr'>inserta</span> <span class='ocrx_word' id='word_1_303' title='bbox 1243 3707 1298 3744; x_wconf 88' lang='lat' dir='ltr'>esse</span> <span class='ocrx_word' id='word_1_304' title='bbox 1317 3691 1460 3757; x_wconf 85' lang='lat' dir='ltr'>videntur;</span> 
     </span>
     <span class='ocr_line' id='line_1_35' title="bbox 220 3776 1459 3846; baseline 0 -16"><span class='ocrx_word' id='word_1_305' title='bbox 220 3777 258 3830; x_wconf 84' lang='lat' dir='ltr'>cf.</span> <span class='ocrx_word' id='word_1_306' title='bbox 276 3778 359 3830; x_wconf 88' lang='lat' dir='ltr'>etiarn</span> <span class='ocrx_word' id='word_1_307' title='bbox 378 3776 506 3832; x_wconf 85' lang='lat' dir='ltr'>Geuaert:</span> <span class='ocrx_word' id='word_1_308' title='bbox 534 3777 654 3832; x_wconf 86' lang='lat' dir='ltr'>Histoire</span> <span class='ocrx_word' id='word_1_309' title='bbox 673 3780 701 3830; x_wconf 91' lang='lat' dir='ltr'>et</span> <span class='ocrx_word' id='word_1_310' title='bbox 718 3777 822 3835; x_wconf 69' lang='lat' dir='ltr'>theorie</span> <span class='ocrx_word' id='word_1_311' title='bbox 840 3777 872 3832; x_wconf 88' lang='lat' dir='ltr'>de</span> <span class='ocrx_word' id='word_1_312' title='bbox 891 3777 918 3832; x_wconf 88' lang='lat' dir='ltr'>la</span> <span class='ocrx_word' id='word_1_313' title='bbox 941 3778 1064 3846; x_wconf 86' lang='lat' dir='ltr'>musique</span> <span class='ocrx_word' id='word_1_314' title='bbox 1087 3777 1120 3831; x_wconf 89' lang='lat' dir='ltr'>de</span> <span class='ocrx_word' id='word_1_315' title='bbox 1146 3777 1301 3846; x_wconf 88' lang='lat' dir='ltr'>l&#39;antiquite&#39;</span> <span class='ocrx_word' id='word_1_316' title='bbox 1320 3777 1350 3831; x_wconf 91' lang='lat' dir='ltr'>II</span> <span class='ocrx_word' id='word_1_317' title='bbox 1369 3778 1459 3846; x_wconf 80' lang='grc'><strong>(1881)</strong></span> 
     </span>
     <span class='ocr_line' id='line_1_36' title="bbox 218 3865 378 3930; baseline 0.006 -17"><span class='ocrx_word' id='word_1_318' title='bbox 218 3877 248 3930; x_wconf 85' lang='lat' dir='ltr'>p.</span> <span class='ocrx_word' id='word_1_319' title='bbox 270 3865 320 3915; x_wconf 73' lang='lat'>355</span> <span class='ocrx_word' id='word_1_320' title='bbox 339 3878 378 3930; x_wconf 89' lang='lat' dir='ltr'>sq.</span> 
     </span>
     <span class='ocr_line' id='line_1_37' title="bbox 329 3947 1457 4018; baseline 0 -16"><span class='ocrx_word' id='word_1_321' title='bbox 329 3948 349 4018; x_wconf 85' lang='lat'>⁴)</span> <span class='ocrx_word' id='word_1_322' title='bbox 361 3947 504 4012; x_wconf 77' lang='grc' dir='ltr'>ἐπιδείξεις</span> <span class='ocrx_word' id='word_1_323' title='bbox 517 3963 564 4016; x_wconf 91' lang='lat' dir='ltr'>pro</span> <span class='ocrx_word' id='word_1_324' title='bbox 574 3948 694 4002; x_wconf 89' lang='lat' dir='ltr'>codicum</span> <span class='ocrx_word' id='word_1_325' title='bbox 705 3948 986 4018; x_wconf 72' lang='grc' dir='ltr'>Ιοολίοιιοάποδείξεις</span> <span class='ocrx_word' id='word_1_326' title='bbox 999 3949 1164 4018; x_wconf 80' lang='lat' dir='ltr'>scripserunt</span> <span class='ocrx_word' id='word_1_327' title='bbox 1179 3949 1267 4002; x_wconf 89' lang='lat' dir='ltr'>Hiller</span> <span class='ocrx_word' id='word_1_328' title='bbox 1281 3947 1361 4010; x_wconf 85' lang='lat' dir='ltr'>(Mus.</span> <span class='ocrx_word' id='word_1_329' title='bbox 1372 3947 1457 4007; x_wconf 84' lang='lat' dir='ltr'>ithen.</span> 
     </span>
     <span class='ocr_line' id='line_1_38' title="bbox 219 4033 1459 4103; baseline -0.003 -14"><span class='ocrx_word' id='word_1_330' title='bbox 219 4034 314 4089; x_wconf 84' lang='lat' dir='ltr'>XXXI</span> <span class='ocrx_word' id='word_1_331' title='bbox 334 4035 377 4101; x_wconf 82' lang='grc'>78)</span> <span class='ocrx_word' id='word_1_332' title='bbox 393 4037 422 4087; x_wconf 90' lang='lat' dir='ltr'>et</span> <span class='ocrx_word' id='word_1_333' title='bbox 434 4033 530 4100; x_wconf 88' lang='lat' dir='ltr'>Bergk.</span> <span class='ocrx_word' id='word_1_334' title='bbox 541 4033 560 4086; x_wconf 90' lang='lat' dir='ltr'>l.</span> <span class='ocrx_word' id='word_1_335' title='bbox 573 4049 593 4088; x_wconf 89' lang='lat' dir='ltr'>o.</span> <span class='ocrx_word' id='word_1_336' title='bbox 605 4033 635 4088; x_wconf 91' lang='lat' dir='ltr'>II</span> <span class='ocrx_word' id='word_1_337' title='bbox 653 4039 704 4088; x_wconf 77' lang='lat'>226</span> <span class='ocrx_word' id='word_1_338' title='bbox 722 4034 783 4088; x_wconf 85' lang='lat' dir='ltr'>adn.</span> <span class='ocrx_word' id='word_1_339' title='bbox 796 4039 843 4098; x_wconf 76' lang='lat'>853</span> <span class='ocrx_word' id='word_1_340' title='bbox 865 4038 911 4089; x_wconf 86' lang='grc' dir='ltr'>καὶ</span> <span class='ocrx_word' id='word_1_341' title='bbox 930 4037 991 4103; x_wconf 87' lang='lat' dir='ltr'>post</span> <span class='ocrx_word' id='word_1_342' title='bbox 1008 4050 1096 4089; x_wconf 83' lang='lat' dir='ltr'>rocem</span> <span class='ocrx_word' id='word_1_343' title='bbox 1116 4037 1332 4099; x_wconf 77' lang='grc' dir='ltr'>κατασταθῆναι</span> <span class='ocrx_word' id='word_1_344' title='bbox 1345 4033 1459 4086; x_wconf 86' lang='lat' dir='ltr'>inseruit</span> 
     </span>
     <span class='ocr_line' id='line_1_39' title="bbox 220 4119 1459 4190; baseline -0.002 -15"><span class='ocrx_word' id='word_1_345' title='bbox 220 4121 319 4187; x_wconf 76' lang='lat' dir='ltr'>Hiber,</span> <span class='ocrx_word' id='word_1_346' title='bbox 338 4121 551 4185; x_wconf 90' lang='grc' dir='ltr'>κατασταθῆναι</span> <span class='ocrx_word' id='word_1_347' title='bbox 570 4120 606 4174; x_wconf 88' lang='grc' dir='ltr'>τά</span> <span class='ocrx_word' id='word_1_348' title='bbox 625 4137 657 4175; x_wconf 88' lang='grc' dir='ltr'>τε</span> <span class='ocrx_word' id='word_1_349' title='bbox 682 4120 795 4175; x_wconf 87' lang='lat' dir='ltr'>coniecit</span> <span class='ocrx_word' id='word_1_350' title='bbox 821 4121 924 4190; x_wconf 87' lang='lat' dir='ltr'>Bergk,</span> <span class='ocrx_word' id='word_1_351' title='bbox 951 4120 997 4188; x_wconf 86' lang='lat' dir='ltr'>qni</span> <span class='ocrx_word' id='word_1_352' title='bbox 1026 4123 1088 4189; x_wconf 88' lang='lat' dir='ltr'>post</span> <span class='ocrx_word' id='word_1_353' title='bbox 1115 4119 1287 4175; x_wconf 88' lang='lat' dir='ltr'>enuntiatum</span> <span class='ocrx_word' id='word_1_354' title='bbox 1310 4120 1341 4172; x_wconf 77' lang='grc' dir='ltr'>ἐν</span> <span class='ocrx_word' id='word_1_355' title='bbox 1360 4120 1459 4185; x_wconf 84' lang='grc' dir='ltr'>Ἄργει</span> 
     </span>
     <span class='ocr_line' id='line_1_40' title="bbox 221 4203 1458 4275; baseline -0.003 -15"><span class='ocrx_word' id='word_1_356' title='bbox 221 4223 312 4261; x_wconf 79' lang='lat' dir='ltr'>uocem</span> <span class='ocrx_word' id='word_1_357' title='bbox 330 4205 455 4275; x_wconf 87' lang='grc' dir='ltr'>Ἡραίων</span> <span class='ocrx_word' id='word_1_358' title='bbox 474 4205 516 4259; x_wconf 86' lang='lat' dir='ltr'>vel</span> <span class='ocrx_word' id='word_1_359' title='bbox 526 4205 601 4259; x_wconf 90' lang='lat' dir='ltr'>aliud</span> <span class='ocrx_word' id='word_1_360' title='bbox 611 4207 783 4260; x_wconf 88' lang='lat' dir='ltr'>sollemnium</span> <span class='ocrx_word' id='word_1_361' title='bbox 801 4223 898 4261; x_wconf 89' lang='lat' dir='ltr'>nomen</span> <span class='ocrx_word' id='word_1_362' title='bbox 910 4206 1037 4260; x_wconf 81' lang='lat' dir='ltr'>excidisse</span> <span class='ocrx_word' id='word_1_363' title='bbox 1049 4206 1202 4274; x_wconf 88' lang='lat' dir='ltr'>suspicatus</span> <span class='ocrx_word' id='word_1_364' title='bbox 1212 4208 1253 4258; x_wconf 88' lang='lat' dir='ltr'>est</span> <span class='ocrx_word' id='word_1_365' title='bbox 1266 4207 1284 4262; x_wconf 88' lang='lat' dir='ltr'>l.</span> <span class='ocrx_word' id='word_1_366' title='bbox 1295 4219 1316 4256; x_wconf 89' lang='lat' dir='ltr'>c.</span> <span class='ocrx_word' id='word_1_367' title='bbox 1330 4203 1458 4258; x_wconf 85' lang='lat' dir='ltr'>Sacadam</span> 
     </span>
     <span class='ocr_line' id='line_1_41' title="bbox 217 4288 1459 4362; baseline -0.002 -18"><span class='ocrx_word' id='word_1_368' title='bbox 217 4292 310 4362; x_wconf 85' lang='lat' dir='ltr'>Argis,</span> <span class='ocrx_word' id='word_1_369' title='bbox 321 4291 529 4346; x_wconf 81' lang='lat' dir='ltr'>Echembrotum</span> <span class='ocrx_word' id='word_1_370' title='bbox 548 4292 576 4346; x_wconf 91' lang='lat' dir='ltr'>iu</span> <span class='ocrx_word' id='word_1_371' title='bbox 594 4290 711 4346; x_wconf 86' lang='lat' dir='ltr'>Arcadia</span> <span class='ocrx_word' id='word_1_372' title='bbox 729 4307 829 4361; x_wconf 82' lang='lat' dir='ltr'>agonas</span> <span class='ocrx_word' id='word_1_373' title='bbox 848 4292 964 4346; x_wconf 85' lang='lat' dir='ltr'>musicos</span> <span class='ocrx_word' id='word_1_374' title='bbox 977 4291 1130 4346; x_wconf 88' lang='lat' dir='ltr'>instituisse</span> <span class='ocrx_word' id='word_1_375' title='bbox 1148 4289 1325 4359; x_wconf 86' lang='lat' dir='ltr'>probabiliter</span> <span class='ocrx_word' id='word_1_376' title='bbox 1337 4288 1459 4343; x_wconf 89' lang='lat' dir='ltr'>homines</span> 
     </span>
     <span class='ocr_line' id='line_1_42' title="bbox 217 4378 494 4433; baseline 0 -1"><span class='ocrx_word' id='word_1_377' title='bbox 217 4378 296 4432; x_wconf 87' lang='lat' dir='ltr'>docti</span> <span class='ocrx_word' id='word_1_378' title='bbox 314 4378 494 4433; x_wconf 88' lang='lat' dir='ltr'>coniecerunt.</span> 
     </span>
     <span class='ocr_line' id='line_1_43' title="bbox 265 4459 1459 4533; baseline -0.004 -15"><span class='ocrx_word' id='word_1_379' title='bbox 265 4465 267 4470; x_wconf 84' lang='grc'><strong>’</strong></span> <span class='ocrx_word' id='word_1_380' title='bbox 329 4464 349 4530; x_wconf 87' lang='lat'>⁵)</span> <span class='ocrx_word' id='word_1_381' title='bbox 368 4463 456 4520; x_wconf 87' lang='lat' dir='ltr'>Schol.</span> <span class='ocrx_word' id='word_1_382' title='bbox 476 4464 554 4518; x_wconf 87' lang='lat' dir='ltr'>Pind.</span> <span class='ocrx_word' id='word_1_383' title='bbox 568 4463 645 4518; x_wconf 85' lang='lat' dir='ltr'>Nem.</span> <span class='ocrx_word' id='word_1_384' title='bbox 658 4463 744 4519; x_wconf 88' lang='lat' dir='ltr'>VIIII</span> <span class='ocrx_word' id='word_1_385' title='bbox 763 4470 778 4516; x_wconf 77' lang='lat'><strong>2</strong></span> <span class='ocrx_word' id='word_1_386' title='bbox 799 4467 836 4533; x_wconf 89' lang='lat' dir='ltr'>(p.</span> <span class='ocrx_word' id='word_1_387' title='bbox 846 4469 896 4518; x_wconf 73' lang='grc'>191</span> <span class='ocrx_word' id='word_1_388' title='bbox 916 4479 956 4532; x_wconf 90' lang='lat' dir='ltr'>sq.</span> <span class='ocrx_word' id='word_1_389' title='bbox 975 4462 1116 4533; x_wconf 84' lang='lat' dir='ltr'>Boeclrh.);</span> <span class='ocrx_word' id='word_1_390' title='bbox 1134 4463 1168 4519; x_wconf 83' lang='lat' dir='ltr'>ci.</span> <span class='ocrx_word' id='word_1_391' title='bbox 1181 4460 1308 4516; x_wconf 84' lang='lat' dir='ltr'>Boeclrhii</span> <span class='ocrx_word' id='word_1_392' title='bbox 1327 4459 1459 4523; x_wconf 83' lang='lat' dir='ltr'>adn.l.c.‚</span> 
     </span>
     <span class='ocr_line' id='line_1_44' title="bbox 218 4544 1459 4619; baseline 0 -19"><span class='ocrx_word' id='word_1_393' title='bbox 218 4547 324 4604; x_wconf 75' lang='lat' dir='ltr'>Krousa</span> <span class='ocrx_word' id='word_1_394' title='bbox 342 4549 460 4619; x_wconf 84' lang='lat' dir='ltr'>Pythian</span> <span class='ocrx_word' id='word_1_395' title='bbox 480 4549 597 4606; x_wconf 87' lang='lat' dir='ltr'>Nemean</span> <span class='ocrx_word' id='word_1_396' title='bbox 615 4549 747 4610; x_wconf 88' lang='lat' dir='ltr'>Isthmien</span> <span class='ocrx_word' id='word_1_397' title='bbox 766 4567 792 4619; x_wconf 86' lang='lat' dir='ltr'>p.</span> <span class='ocrx_word' id='word_1_398' title='bbox 808 4555 840 4604; x_wconf 75' lang='grc' dir='ltr'>λθ</span> <span class='ocrx_word' id='word_1_399' title='bbox 853 4565 892 4618; x_wconf 86' lang='lat' dir='ltr'>sq.</span> <span class='ocrx_word' id='word_1_400' title='bbox 912 4551 969 4619; x_wconf 82' lang='lat' dir='ltr'>ipse</span> <span class='ocrx_word' id='word_1_401' title='bbox 988 4548 1121 4603; x_wconf 88' lang='lat' dir='ltr'>Pindarus</span> <span class='ocrx_word' id='word_1_402' title='bbox 1136 4548 1282 4603; x_wconf 88' lang='lat' dir='ltr'>Adrastum</span> <span class='ocrx_word' id='word_1_403' title='bbox 1296 4546 1395 4616; x_wconf 84' lang='lat' dir='ltr'>Pythia</span> <span class='ocrx_word' id='word_1_404' title='bbox 1408 4544 1459 4600; x_wconf 84' lang='lat' dir='ltr'>illa</span> 
     </span>
    </p>
   </div>
   <div class='ocr_carea' id='block_1_9' title="bbox 0 0 1624 5112">
    <p class='ocr_par' dir='ltr' id='par_1_11' title="bbox 0 0 1624 5112">
     <span class='ocr_line' id='line_1_45' title="bbox 0 0 1624 5112; baseline 0 3"><span class='ocrx_word' id='word_1_405' title='bbox 0 0 1624 5112; x_wconf 95' lang='lat' dir='ltr'> </span> 
     </span>
    </p>
   </div>
  </div>
 </body>
</html>
