3280 5100
722 1212 925 1324 VITA.

319 1657 494 1742 Aemilius
514 1689 632 1742 Iteisch
654 1692 810 1766 natussum
832 1689 1004 1742 vindobonae
1023 1707 1045 1742 a.
1060 1689 1084 1742 cl.
1095 1689 1162 1744 IIII.
1183 1690 1242 1744 Kal.
1262 1691 1366 1744 Octobr.
1381 1693 1445 1745 anni

216 1777 295 1832 huius
314 1778 415 1851 saeculi
433 1777 523 1830 LXIII
543 1780 618 1845 patre
636 1775 787 1844 Colomano,
816 1777 862 1844 qni
881 1779 943 1829 anto
963 1777 1009 1830 hos
1033 1780 1134 1844 septem
1161 1794 1245 1830 rennos
1263 1795 1323 1832 cum
1343 1793 1446 1832 summo

216 1881 274 1918 meo
293 1865 383 1918 dolore
401 1863 432 1917 de
452 1865 508 1916 rita
526 1864 647 1927 decessit,
668 1867 753 1916 matre
771 1863 866 1916 Emma
885 1882 898 1916 e
917 1867 997 1932 gente
1010 1863 1041 1916 de
1054 1863 1137 1928 Suari,
1152 1879 1233 1932 quern
1252 1864 1339 1918 adhue
1358 1865 1446 1918 vivere

215 1967 294 2021 quarn
314 1951 426 2004 maxime
445 1951 558 2020 gaudeo.
593 1950 657 2003 fidei
675 1949 799 2004 addictus
819 1965 878 2002 snm
897 1950 1075 2018 evangelicae.
1108 1950 1202 2026 primis
1221 1951 1374 2004 litterarum
1394 1953 1446 2005 ele-

211 2037 315 2112 mentis
335 2037 406 2090 domi
426 2037 546 2090 imbutus
565 2036 627 2090 inde
645 2035 678 2089 ab
697 2052 766 2088 anno
782 2041 847 2088 1873
867 2051 948 2104 nsque
967 2036 1000 2089 ad
1019 2053 1042 2088 a.
1061 2039 1124 2090 1878
1143 2037 1315 2092 Vindobonae
1334 2053 1447 2108 gymna-

216 2125 301 2188 sium,
321 2123 391 2192 quod
412 2141 468 2176 ven.
488 2127 579 2192 patres
598 2123 673 2176 Scoti
693 2125 806 2190 regunt,
834 2123 1015 2192 frequentarem
1043 2139 1093 2192 quo
1118 2141 1186 2176 armo
1207 2131 1351 2193 postquam
1370 2132 1446 2194 pater

216 2226 299 2278 qnam
315 2211 429 2267 maxime
448 2211 562 2264 dilectus
579 2210 751 2264 acerbissima
776 2215 861 2263 morte
880 2210 945 2262 mihi
965 2214 1071 2278 ereptus
1096 2217 1147 2275 est,
1177 2227 1236 2264 curn
1261 2216 1347 2266 irratre
1364 2215 1445 2267 caris-

216 2299 284 2352 sima
303 2298 490 2372 Sempronium
516 2315 558 2350 nro
586 2297 688 2352 eorrtnli
716 2301 743 2350 et
769 2299 797 2350 in
822 2297 962 2366 gymnasio
989 2297 1069 2350 hrrins
1088 2299 1161 2350 urbis
1185 2301 1338 2367 crrurgelioo
1358 2304 1445 2354 sextae

217 2385 309 2438 classis
328 2385 428 2438 litteris
447 2384 596 2438 ediscendis
616 2389 722 2452 operam
743 2384 844 2437 navari.
876 2401 944 2439 norro
964 2388 1023 2452 post
1042 2383 1218 2452 Oonipontem
1239 2381 1371 2454 migravi,
1400 2389 1446 2441 ubi

216 2490 262 2540 per
282 2473 348 2526 duos
367 2487 449 2525 annos
468 2471 638 2540 insequentes
663 2471 797 2540 gymnasii
826 2473 915 2526 sintita
941 2470 1053 2526 atrsolrl.
1084 2474 1186 2526 aestate
1205 2489 1227 2524 a.
1252 2477 1313 2526 1881
1334 2475 1445 2528 maturi·

216 2561 282 2612 tatis
302 2559 488 2612 testimoninm
514 2559 626 2628 adeptus
646 2558 833 2612 Vindobonam
860 2559 927 2612 redii
955 2563 1035 2628 atquc
1060 2559 1132 2612 int-er
1150 2557 1232 2612 huius
1251 2559 1336 2613 almae
1355 2559 1447 2614 aeide·

216 2647 285 2698 miae
303 2645 374 2698 eives
392 2649 513 2712 receptus
525 2663 572 2714 peu
584 2650 684 2715 septem
699 2645 856 2700 semenstris
869 2646 958 2714 spatia
971 2646 1070 2700 scholis
1084 2645 1202 2709 interfui,
1216 2663 1282 2714 quas
1296 2647 1447 2702 habuerunt

216 2733 267 2784 riri
288 2732 361 2785 docti
386 2733 593 2802 praeclarissimi
617 2733 645 2786 0.
666 2732 810 2797 Benridouf,
830 2733 861 2786 G.
881 2726 994 2797 Biilrler,
1014 2733 1062 2786 I'h.
1082 2729 1221 2802 Gomperz,
1240 2731 1270 2786 G.
1288 2736 1321 2787 ab
1340 2735 1445 2799 Hartel,

215 2821 247 2874 R.
266 2819 389 2884 Helnzel,
416 2821 445 2874 O.
466 2819 631 2883 HIrsclrleld,
658 2819 687 2874 n.
708 2819 862 2884 Hoffmann,
883 2819 910 2874 O
930 2819 1060 2886 Schenkl,
1085 2819 1114 2872 n.
1134 2819 1270 2887 Schmidt,
1296 2822 1344 2876 Th.
1366 2823 1446 2890 Vogt,

215 2907 245 2960 R.
265 2905 470 2962 Zimmermaun.
501 2907 597 2960 eximia
625 2905 780 2959 Hartelii
807 2905 1007 2960 Hoffmanni
1036 2907 1235 2966 Schenkelii
1261 2909 1447 2964 benevolentia

215 2993 281 3046 mihi
301 2993 431 3062 contigit,
461 2997 492 3046 ut
511 2993 563 3046 iam
583 2994 669 3061 primo
689 2993 829 3046 semenstri
849 2995 937 3061 spatio
956 2994 983 3045 in
1003 2981 1175 3046 seminarium
1196 2995 1363 3066 philologum
1383 2999 1446 3050 reci-

213 3096 295 3148 perer,
324 3079 401 3132 cuius
430 3079 530 3133 sodalis
557 3079 709 3132 ordinarius
737 3079 777 3132 fui
802 3095 846 3148 per
871 3083 924 3133 tres
943 3089 1036 3137 arrnos.
1067 3081 1149 3140 etiarn
1169 3082 1199 3138 0,
1219 3083 1392 3136 Benndorl'
1419 3087 1447 3136 et

214 3168 244 3222 0.
265 3165 477 3231 Hirschfeld,
498 3183 549 3234 qua
568 3183 669 3239 semper
688 3181 750 3234 erga
770 3183 811 3218 me
829 3166 940 3219 inerunt
959 3167 1094 3232 comitate,
1122 3168 1190 3220 mihi
1210 3168 1323 3236 benigne
1342 3185 1446 3236 conces-

215 3256 320 3317 serunt,
349 3255 379 3306 ut
406 3252 641 3307 exercitationibus
667 3253 804 3307 seminarii
831 3253 1026 3321 arolraeologioi
1045 3259 1072 3307 et
1090 3249 1256 3324 epigraphiei
1280 3257 1444 3312 interessem.

216 3358 274 3394 cum
300 3357 361 3394 raro
389 3341 419 3392 hi
446 3341 495 3394 riri
523 3357 613 3394 ornnes
638 3341 666 3393 in
696 3357 737 3393 me
760 3357 864 3394 summa
890 3342 1061 3394 coutulerunt
1088 3341 1230 3408 beneficia,
1261 3344 1318 3396 tum
1339 3343 1447 3412 optimis
1531 3319 1540 3376 1¹

215 3430 270 3482 suis
289 3427 407 3482 consiliis
427 3431 454 3480 et
475 3429 570 3501 cetenis
592 3429 619 3482 in
638 3428 717 3482 rebus
736 3429 859 3482 omnibus
879 3432 906 3480 et
924 3430 951 3480 in
965 3429 1014 3481 hoc
1027 3431 1153 3497 opusculo
1166 3429 1354 3484 conscribendo
1367 3432 1400 3484 G.
1413 3433 1447 3498 ab

214 3501 334 3571 Hartcl
358 3519 385 3569 et
409 3517 436 3572 C.
456 3517 605 3572 Schenkl
633 3534 674 3570 mc
699 3534 802 3586 semper
820 3515 989 3572 adiuverunt.
1014 3517 1109 3584 quibus
1136 3517 1201 3569 viris
1226 3533 1306 3584 qnam
1335 3517 1448 3570 manime

212 3603 331 3666 ¹colendis
350 3606 481 3672 errantum
500 3604 606 3658 clobcam
627 3606 743 3672 grumae,
764 3621 815 3658 non
835 3605 876 3656 est
895 3601 975 3655 lucius
995 3603 1045 3656 loei
1066 3602 1188 3670 pluribus
1208 3604 1335 3672 persequi.

1505 3637 1509 3650 r

1496 3661 1507 3684 -ί
