<?xml version="1.0" encoding="UTF-8"?>
<!DOCTYPE html PUBLIC "-//W3C//DTD XHTML 1.0 Transitional//EN"
    "http://www.w3.org/TR/xhtml1/DTD/xhtml1-transitional.dtd">
<html xmlns="http://www.w3.org/1999/xhtml" xml:lang="en" lang="en">
 <head>
  <title>
</title>
<meta http-equiv="Content-Type" content="text/html;charset=utf-8" />
  <meta name='ocr-system' content='tesseract 3.04.00' />
  <meta name='ocr-capabilities' content='ocr_page ocr_carea ocr_par ocr_line ocrx_word'/>
</head>
<body>
  <div class='ocr_page' id='page_1' title='image "./demusicisgraeco00reisgoog_0029.png"; bbox 0 0 3240 5112; ppageno 0'>
   <div class='ocr_carea' id='block_1_1' title="bbox 1410 340 1450 404">
    <p class='ocr_par' dir='ltr' id='par_1_1' title="bbox 1410 340 1450 404">
     <span class='ocr_line' id='line_1_1' title="bbox 1410 340 1450 404; baseline -0.025 0"><span class='ocrx_word' id='word_1_1' title='bbox 1410 340 1450 404; x_wconf 74' lang='lat'>21</span> 
     </span>
    </p>
   </div>
   <div class='ocr_carea' id='block_1_2' title="bbox 128 523 1530 3286">
    <p class='ocr_par' dir='ltr' id='par_1_2' title="bbox 128 523 1530 3286">
     <span class='ocr_line' id='line_1_2' title="bbox 210 523 1452 610; baseline -0.009 -13"><span class='ocrx_word' id='word_1_2' title='bbox 210 531 421 604; x_wconf 85' lang='lat' dir='ltr'>conueniunt,</span> <span class='ocrx_word' id='word_1_3' title='bbox 455 527 567 610; x_wconf 89' lang='lat' dir='ltr'>quibus</span> <span class='ocrx_word' id='word_1_4' title='bbox 602 527 665 591; x_wconf 87' lang='lat' dir='ltr'>alia</span> <span class='ocrx_word' id='word_1_5' title='bbox 693 544 773 609; x_wconf 90' lang='lat' dir='ltr'>quae</span> <span class='ocrx_word' id='word_1_6' title='bbox 793 527 951 592; x_wconf 69' lang='lat' dir='ltr'>‘dicuntur</span> <span class='ocrx_word' id='word_1_7' title='bbox 985 527 1147 604; x_wconf 83' lang='grc' dir='ltr'>νικητήρια</span> <span class='ocrx_word' id='word_1_8' title='bbox 1178 524 1251 589; x_wconf 89' lang='lat' dir='ltr'>data</span> <span class='ocrx_word' id='word_1_9' title='bbox 1285 541 1351 588; x_wconf 90' lang='lat' dir='ltr'>esse</span> <span class='ocrx_word' id='word_1_10' title='bbox 1385 523 1452 588; x_wconf 87' lang='lat' dir='ltr'>reri</span> 
     </span>
     <span class='ocr_line' id='line_1_3' title="bbox 213 629 1452 714; baseline -0.006 -14"><span class='ocrx_word' id='word_1_11' title='bbox 213 635 319 700; x_wconf 89' lang='lat' dir='ltr'>simile</span> <span class='ocrx_word' id='word_1_12' title='bbox 342 636 407 714; x_wconf 90' lang='lat' dir='ltr'>est;</span> <span class='ocrx_word' id='word_1_13' title='bbox 432 632 473 699; x_wconf 84' lang='lat' dir='ltr'>ci.</span> <span class='ocrx_word' id='word_1_14' title='bbox 497 630 635 696; x_wconf 91' lang='lat' dir='ltr'>eiusdem</span> <span class='ocrx_word' id='word_1_15' title='bbox 659 630 746 694; x_wconf 86' lang='lat' dir='ltr'>tituli</span> <span class='ocrx_word' id='word_1_16' title='bbox 769 629 790 696; x_wconf 93' lang='lat' dir='ltr'>l.</span> <span class='ocrx_word' id='word_1_17' title='bbox 815 631 874 696; x_wconf 79' lang='lat'>71:</span> <span class='ocrx_word' id='word_1_18' title='bbox 902 630 1210 709; x_wconf 61' lang='lat' dir='ltr'>transdoromam</span> <span class='ocrx_word' id='word_1_19' title='bbox 1232 631 1452 708; x_wconf 77' lang='grc' dir='ltr'>πυρριχισταῖς</span> 
     </span>
     <span class='ocr_line' id='line_1_4' title="bbox 210 729 1454 819; baseline -0.007 -16"><span class='ocrx_word' id='word_1_20' title='bbox 210 743 292 819; x_wconf 81' lang='grc' dir='ltr'>βοῦς</span> <span class='ocrx_word' id='word_1_21' title='bbox 307 757 313 771; x_wconf 93' lang='grc'><em>·</em></span> <span class='ocrx_word' id='word_1_22' title='bbox 327 736 478 819; x_wconf 80' lang='grc' dir='ltr'>εὐανδρίᾳ</span> <span class='ocrx_word' id='word_1_23' title='bbox 494 737 578 817; x_wconf 85' lang='grc' dir='ltr'>φυλῇ</span> <span class='ocrx_word' id='word_1_24' title='bbox 601 733 721 817; x_wconf 88' lang='grc' dir='ltr'>νικώσῃ</span> <span class='ocrx_word' id='word_1_25' title='bbox 738 739 816 812; x_wconf 86' lang='grc' dir='ltr'>βοῦς</span> <span class='ocrx_word' id='word_1_26' title='bbox 840 753 865 796; x_wconf 88' lang='lat' dir='ltr'>e.</span> <span class='ocrx_word' id='word_1_27' title='bbox 881 752 911 815; x_wconf 88' lang='lat' dir='ltr'>q.</span> <span class='ocrx_word' id='word_1_28' title='bbox 927 752 952 796; x_wconf 87' lang='lat' dir='ltr'>e.</span> <span class='ocrx_word' id='word_1_29' title='bbox 969 733 995 796; x_wconf 89' lang='lat' dir='ltr'>si</span> <span class='ocrx_word' id='word_1_30' title='bbox 1011 737 1117 798; x_wconf 90' lang='lat' dir='ltr'>autem</span> <span class='ocrx_word' id='word_1_31' title='bbox 1141 732 1291 814; x_wconf 87' lang='lat' dir='ltr'>pecuniae</span> <span class='ocrx_word' id='word_1_32' title='bbox 1314 729 1454 812; x_wconf 91' lang='lat' dir='ltr'>praemia</span> 
     </span>
     <span class='ocr_line' id='line_1_5' title="bbox 212 833 1452 920; baseline -0.006 -14"><span class='ocrx_word' id='word_1_33' title='bbox 212 839 318 906; x_wconf 86' lang='lat' dir='ltr'>choris</span> <span class='ocrx_word' id='word_1_34' title='bbox 349 837 514 920; x_wconf 86' lang='lat' dir='ltr'>designata</span> <span class='ocrx_word' id='word_1_35' title='bbox 547 836 640 901; x_wconf 89' lang='lat' dir='ltr'>fuisse</span> <span class='ocrx_word' id='word_1_36' title='bbox 670 836 886 912; x_wconf 89' lang='lat' dir='ltr'>concedimus,</span> <span class='ocrx_word' id='word_1_37' title='bbox 921 837 1078 901; x_wconf 80' lang='lat' dir='ltr'>trecentae</span> <span class='ocrx_word' id='word_1_38' title='bbox 1107 835 1272 902; x_wconf 80' lang='lat' dir='ltr'>drachmae</span> <span class='ocrx_word' id='word_1_39' title='bbox 1304 833 1452 918; x_wconf 81' lang='lat' dir='ltr'>exiguum</span> 
     </span>
     <span class='ocr_line' id='line_1_6' title="bbox 212 937 1450 1024; baseline -0.006 -16"><span class='ocrx_word' id='word_1_40' title='bbox 212 962 289 1008; x_wconf 85' lang='lat' dir='ltr'>eane</span> <span class='ocrx_word' id='word_1_41' title='bbox 312 943 406 1023; x_wconf 85' lang='lat' dir='ltr'>atque</span> <span class='ocrx_word' id='word_1_42' title='bbox 428 940 593 1024; x_wconf 85' lang='lat' dir='ltr'>indignum</span> <span class='ocrx_word' id='word_1_43' title='bbox 617 939 683 1002; x_wconf 89' lang='lat' dir='ltr'>erat</span> <span class='ocrx_word' id='word_1_44' title='bbox 705 939 880 1020; x_wconf 89' lang='lat' dir='ltr'>praemium</span> <span class='ocrx_word' id='word_1_45' title='bbox 904 937 991 1004; x_wconf 90' lang='lat' dir='ltr'>chori</span> <span class='ocrx_word' id='word_1_46' title='bbox 1014 938 1151 1020; x_wconf 79' lang='lat' dir='ltr'>victorie,</span> <span class='ocrx_word' id='word_1_47' title='bbox 1171 938 1223 1020; x_wconf 92' lang='lat' dir='ltr'>qui</span> <span class='ocrx_word' id='word_1_48' title='bbox 1240 938 1349 1022; x_wconf 89' lang='lat' dir='ltr'>ntique</span> <span class='ocrx_word' id='word_1_49' title='bbox 1372 941 1450 1002; x_wconf 91' lang='lat' dir='ltr'>dno·</span> 
     </span>
     <span class='ocr_line' id='line_1_7' title="bbox 211 1041 1452 1126; baseline -0.004 -16"><span class='ocrx_word' id='word_1_50' title='bbox 211 1046 315 1110; x_wconf 83' lang='lat' dir='ltr'>decim</span> <span class='ocrx_word' id='word_1_51' title='bbox 339 1045 388 1108; x_wconf 91' lang='lat' dir='ltr'>vel</span> <span class='ocrx_word' id='word_1_52' title='bbox 411 1043 593 1126; x_wconf 90' lang='lat' dir='ltr'>quindecim</span> <span class='ocrx_word' id='word_1_53' title='bbox 624 1044 705 1106; x_wconf 87' lang='lat' dir='ltr'>viros</span> <span class='ocrx_word' id='word_1_54' title='bbox 734 1041 1008 1124; x_wconf 76' lang='lat' dir='ltr'>complectebatur.</span> <span class='ocrx_word' id='word_1_55' title='bbox 1043 1044 1126 1108; x_wconf 85' lang='lat' dir='ltr'>certe</span> <span class='ocrx_word' id='word_1_56' title='bbox 1156 1041 1323 1124; x_wconf 88' lang='lat' dir='ltr'>posteriore</span> <span class='ocrx_word' id='word_1_57' title='bbox 1349 1042 1452 1106; x_wconf 86' lang='lat' dir='ltr'>aetate</span> 
     </span>
     <span class='ocr_line' id='line_1_8' title="bbox 213 1143 1450 1230; baseline -0.006 -16"><span class='ocrx_word' id='word_1_58' title='bbox 213 1147 347 1230; x_wconf 83' lang='lat' dir='ltr'>Lycurgi</span> <span class='ocrx_word' id='word_1_59' title='bbox 370 1147 501 1212; x_wconf 90' lang='lat' dir='ltr'>oratoris</span> <span class='ocrx_word' id='word_1_60' title='bbox 524 1145 726 1228; x_wconf 81' lang='lat' dir='ltr'>temporibus,</span> <span class='ocrx_word' id='word_1_61' title='bbox 750 1147 782 1210; x_wconf 92' lang='lat' dir='ltr'>in</span> <span class='ocrx_word' id='word_1_62' title='bbox 805 1143 981 1210; x_wconf 87' lang='lat' dir='ltr'>Posidoniis</span> <span class='ocrx_word' id='word_1_63' title='bbox 1004 1143 1235 1220; x_wconf 87' lang='lat' dir='ltr'>Piraeensibue,</span> <span class='ocrx_word' id='word_1_64' title='bbox 1266 1161 1346 1226; x_wconf 87' lang='lat' dir='ltr'>quae</span> <span class='ocrx_word' id='word_1_65' title='bbox 1368 1143 1450 1208; x_wconf 90' lang='lat' dir='ltr'>Pan·</span> 
     </span>
     <span class='ocr_line' id='line_1_9' title="bbox 209 1245 1450 1331; baseline -0.002 -16"><span class='ocrx_word' id='word_1_66' title='bbox 209 1251 373 1316; x_wconf 80' lang='lat' dir='ltr'>athenaeis</span> <span class='ocrx_word' id='word_1_67' title='bbox 396 1253 463 1314; x_wconf 86' lang='lat' dir='ltr'>sine</span> <span class='ocrx_word' id='word_1_68' title='bbox 478 1249 572 1316; x_wconf 90' lang='lat' dir='ltr'>dnbio</span> <span class='ocrx_word' id='word_1_69' title='bbox 595 1248 784 1314; x_wconf 87' lang='lat' dir='ltr'>auctoritate</span> <span class='ocrx_word' id='word_1_70' title='bbox 801 1247 961 1324; x_wconf 86' lang='lat' dir='ltr'>cedebant,</span> <span class='ocrx_word' id='word_1_71' title='bbox 979 1247 1081 1312; x_wconf 85' lang='lat' dir='ltr'>choris</span> <span class='ocrx_word' id='word_1_72' title='bbox 1104 1247 1211 1331; x_wconf 86' lang='lat' dir='ltr'>cycliie</span> <span class='ocrx_word' id='word_1_73' title='bbox 1234 1248 1268 1314; x_wconf 89' lang='lat' dir='ltr'>M</span> <span class='ocrx_word' id='word_1_74' title='bbox 1290 1251 1321 1312; x_wconf 89' lang='lat' dir='ltr'>et</span> <span class='ocrx_word' id='word_1_75' title='bbox 1347 1245 1450 1314; x_wconf 80' lang='lat' dir='ltr'>DCCC</span> 
     </span>
     <span class='ocr_line' id='line_1_10' title="bbox 211 1349 1449 1442; baseline -0.002 -26"><span class='ocrx_word' id='word_1_76' title='bbox 211 1358 245 1418; x_wconf 94' lang='lat' dir='ltr'>et</span> <span class='ocrx_word' id='word_1_77' title='bbox 271 1351 323 1419; x_wconf 78' lang='lat' dir='ltr'>DC</span> <span class='ocrx_word' id='word_1_78' title='bbox 346 1353 511 1418; x_wconf 89' lang='lat' dir='ltr'>drachmas</span> <span class='ocrx_word' id='word_1_79' title='bbox 535 1351 675 1442; x_wconf 87' lang='lat' dir='ltr'>praemio</span> <span class='ocrx_word' id='word_1_80' title='bbox 699 1352 787 1416; x_wconf 88' lang='lat' dir='ltr'>datas</span> <span class='ocrx_word' id='word_1_81' title='bbox 817 1369 883 1414; x_wconf 89' lang='lat' dir='ltr'>esse</span> <span class='ocrx_word' id='word_1_82' title='bbox 906 1352 1038 1436; x_wconf 78' lang='lat' dir='ltr'>scimus3</span> <span class='ocrx_word' id='word_1_83' title='bbox 1072 1349 1110 1416; x_wconf 86' lang='lat' dir='ltr'>ci.</span> <span class='ocrx_word' id='word_1_84' title='bbox 1136 1351 1247 1433; x_wconf 86' lang='lat' dir='ltr'>(Plut.)</span> <span class='ocrx_word' id='word_1_85' title='bbox 1272 1351 1329 1418; x_wconf 85' lang='lat' dir='ltr'>vit.</span> <span class='ocrx_word' id='word_1_86' title='bbox 1354 1351 1384 1415; x_wconf 90' lang='lat' dir='ltr'>X</span> <span class='ocrx_word' id='word_1_87' title='bbox 1406 1368 1449 1414; x_wconf 91' lang='lat' dir='ltr'>or.</span> 
     </span>
     <span class='ocr_line' id='line_1_11' title="bbox 213 1452 1450 1540; baseline -0.002 -20"><span class='ocrx_word' id='word_1_88' title='bbox 213 1456 287 1540; x_wconf 86' lang='lat' dir='ltr'>Lyc.</span> <span class='ocrx_word' id='word_1_89' title='bbox 313 1457 363 1520; x_wconf 85' lang='lat'>13.</span> <span class='ocrx_word' id='word_1_90' title='bbox 394 1474 493 1537; x_wconf 91' lang='lat' dir='ltr'>neque</span> <span class='ocrx_word' id='word_1_91' title='bbox 522 1455 654 1536; x_wconf 89' lang='lat' dir='ltr'>denique</span> <span class='ocrx_word' id='word_1_92' title='bbox 683 1473 815 1536; x_wconf 87' lang='lat' dir='ltr'>usquam</span> <span class='ocrx_word' id='word_1_93' title='bbox 846 1454 884 1518; x_wconf 91' lang='lat' dir='ltr'>de</span> <span class='ocrx_word' id='word_1_94' title='bbox 907 1453 1145 1520; x_wconf 79' lang='lat' dir='ltr'>citharistarum</span> <span class='ocrx_word' id='word_1_95' title='bbox 1167 1453 1259 1518; x_wconf 90' lang='lat' dir='ltr'>choro</span> <span class='ocrx_word' id='word_1_96' title='bbox 1283 1452 1450 1538; x_wconf 90' lang='lat' dir='ltr'>quicquam</span> 
     </span>
     <span class='ocr_line' id='line_1_12' title="bbox 209 1556 1448 1643; baseline -0.005 -17"><span class='ocrx_word' id='word_1_97' title='bbox 209 1558 360 1626; x_wconf 86' lang='lat' dir='ltr'>audimus</span> <span class='ocrx_word' id='word_1_98' title='bbox 384 1577 482 1643; x_wconf 87' lang='lat' dir='ltr'>neque</span> <span class='ocrx_word' id='word_1_99' title='bbox 505 1557 678 1642; x_wconf 87' lang='lat' dir='ltr'>perspicere</span> <span class='ocrx_word' id='word_1_100' title='bbox 706 1576 880 1640; x_wconf 88' lang='lat' dir='ltr'>possumus,</span> <span class='ocrx_word' id='word_1_101' title='bbox 913 1556 987 1638; x_wconf 91' lang='lat' dir='ltr'>quid</span> <span class='ocrx_word' id='word_1_102' title='bbox 1009 1556 1188 1622; x_wconf 82' lang='lat' dir='ltr'>interfuerit</span> <span class='ocrx_word' id='word_1_103' title='bbox 1211 1557 1294 1626; x_wconf 90' lang='lat' dir='ltr'>inter</span> <span class='ocrx_word' id='word_1_104' title='bbox 1317 1556 1448 1622; x_wconf 90' lang='lat' dir='ltr'>chorum</span> 
     </span>
     <span class='ocr_line' id='line_1_13' title="bbox 210 1658 1446 1742; baseline -0.005 -12"><span class='ocrx_word' id='word_1_105' title='bbox 210 1663 417 1730; x_wconf 87' lang='lat' dir='ltr'>auloedorum</span> <span class='ocrx_word' id='word_1_106' title='bbox 440 1663 471 1726; x_wconf 89' lang='lat' dir='ltr'>et</span> <span class='ocrx_word' id='word_1_107' title='bbox 499 1661 628 1726; x_wconf 90' lang='lat' dir='ltr'>chorum</span> <span class='ocrx_word' id='word_1_108' title='bbox 655 1661 817 1738; x_wconf 78' lang='grc' dir='ltr'>αὐλητῶν,</span> <span class='ocrx_word' id='word_1_109' title='bbox 848 1678 941 1740; x_wconf 91' lang='lat' dir='ltr'>quem</span> <span class='ocrx_word' id='word_1_110' title='bbox 975 1660 1078 1742; x_wconf 84' lang='lat' dir='ltr'>Bergk</span> <span class='ocrx_word' id='word_1_111' title='bbox 1107 1659 1195 1726; x_wconf 90' lang='lat' dir='ltr'>tibiis</span> <span class='ocrx_word' id='word_1_112' title='bbox 1231 1658 1446 1726; x_wconf 90' lang='lat' dir='ltr'>accinentihus</span> 
     </span>
     <span class='ocr_line' id='line_1_14' title="bbox 209 1760 1449 1848; baseline -0.004 -17"><span class='ocrx_word' id='word_1_113' title='bbox 209 1767 354 1832; x_wconf 91' lang='lat' dir='ltr'>carmina</span> <span class='ocrx_word' id='word_1_114' title='bbox 377 1765 477 1848; x_wconf 86' lang='lat' dir='ltr'>cyclia</span> <span class='ocrx_word' id='word_1_115' title='bbox 500 1765 643 1830; x_wconf 89' lang='lat' dir='ltr'>cantasse</span> <span class='ocrx_word' id='word_1_116' title='bbox 672 1761 815 1844; x_wconf 87' lang='lat' dir='ltr'>putebat.</span> <span class='ocrx_word' id='word_1_117' title='bbox 858 1760 970 1842; x_wconf 91' lang='lat' dir='ltr'>quibus</span> <span class='ocrx_word' id='word_1_118' title='bbox 999 1763 1192 1845; x_wconf 84' lang='lat' dir='ltr'>argumentis</span> <span class='ocrx_word' id='word_1_119' title='bbox 1216 1781 1297 1827; x_wconf 89' lang='lat' dir='ltr'>nunc</span> <span class='ocrx_word' id='word_1_120' title='bbox 1326 1764 1449 1830; x_wconf 89' lang='lat' dir='ltr'>accedit</span> 
     </span>
     <span class='ocr_line' id='line_1_15' title="bbox 209 1863 1450 1954; baseline 0.002 -22"><span class='ocrx_word' id='word_1_121' title='bbox 209 1869 429 1954; x_wconf 85' lang='lat' dir='ltr'>gratissimum</span> <span class='ocrx_word' id='word_1_122' title='bbox 452 1867 540 1932; x_wconf 91' lang='lat' dir='ltr'>tituli</span> <span class='ocrx_word' id='word_1_123' title='bbox 555 1864 662 1948; x_wconf 90' lang='lat' dir='ltr'>Oropii</span> <span class='ocrx_word' id='word_1_124' title='bbox 684 1863 914 1944; x_wconf 88' lang='lat' dir='ltr'>testimonium,</span> <span class='ocrx_word' id='word_1_125' title='bbox 939 1883 972 1928; x_wconf 87' lang='lat' dir='ltr'>rn</span> <span class='ocrx_word' id='word_1_126' title='bbox 994 1878 1150 1948; x_wconf 83' lang='lat' dir='ltr'>quocum</span> <span class='ocrx_word' id='word_1_127' title='bbox 1174 1867 1254 1945; x_wconf 87' lang='grc' dir='ltr'>ἀνὴρ</span> <span class='ocrx_word' id='word_1_128' title='bbox 1279 1869 1450 1943; x_wconf 83' lang='grc' dir='ltr'>αὐλωιδός,</span> 
     </span>
     <span class='ocr_line' id='line_1_16' title="bbox 208 1967 1448 2051; baseline -0.001 -16"><span class='ocrx_word' id='word_1_129' title='bbox 208 1973 293 2050; x_wconf 88' lang='grc' dir='ltr'>ἀνὴρ</span> <span class='ocrx_word' id='word_1_130' title='bbox 317 1971 502 2048; x_wconf 86' lang='grc' dir='ltr'>κιθαριστὴς</span> <span class='ocrx_word' id='word_1_131' title='bbox 525 1969 678 2050; x_wconf 91' lang='lat' dir='ltr'>scriptum</span> <span class='ocrx_word' id='word_1_132' title='bbox 702 1967 754 2046; x_wconf 90' lang='lat' dir='ltr'>sit,</span> <span class='ocrx_word' id='word_1_133' title='bbox 778 1967 920 2051; x_wconf 88' lang='lat' dir='ltr'>singulos</span> <span class='ocrx_word' id='word_1_134' title='bbox 944 1967 1026 2032; x_wconf 88' lang='lat' dir='ltr'>viros</span> <span class='ocrx_word' id='word_1_135' title='bbox 1050 1969 1184 2032; x_wconf 87' lang='lat' dir='ltr'>certasse</span> <span class='ocrx_word' id='word_1_136' title='bbox 1207 1972 1294 2036; x_wconf 80' lang='lat' dir='ltr'>extra</span> <span class='ocrx_word' id='word_1_137' title='bbox 1323 1988 1448 2034; x_wconf 91' lang='lat' dir='ltr'>omnem</span> 
     </span>
     <span class='ocr_line' id='line_1_17' title="bbox 211 2068 1448 2206; baseline 0.002 -70"><span class='ocrx_word' id='word_1_138' title='bbox 211 2073 304 2137; x_wconf 87' lang='lat' dir='ltr'>dubit</span> <span class='ocrx_word' id='word_1_139' title='bbox 306 2072 442 2138; x_wconf 87' lang='lat' dir='ltr'>ationem</span> <span class='ocrx_word' id='word_1_140' title='bbox 458 2073 596 2153; x_wconf 89' lang='lat' dir='ltr'>positum</span> <span class='ocrx_word' id='word_1_141' title='bbox 620 2074 677 2135; x_wconf 92' lang='lat' dir='ltr'>est.</span> <span class='ocrx_word' id='word_1_142' title='bbox 671 2068 783 2206; x_wconf 40' lang='lat' dir='ltr'>‚presta</span> <span class='ocrx_word' id='word_1_143' title='bbox 750 2072 798 2134; x_wconf 88' lang='lat' dir='ltr'>tat</span> <span class='ocrx_word' id='word_1_144' title='bbox 821 2071 927 2134; x_wconf 88' lang='lat' dir='ltr'>tamen</span> <span class='ocrx_word' id='word_1_145' title='bbox 950 2069 1013 2136; x_wconf 89' lang='lat' dir='ltr'>alia</span> <span class='ocrx_word' id='word_1_146' title='bbox 1035 2076 1146 2152; x_wconf 87' lang='lat' dir='ltr'>quaest</span> <span class='ocrx_word' id='word_1_147' title='bbox 1148 2072 1176 2136; x_wconf 93' lang='lat' dir='ltr'>io</span> <span class='ocrx_word' id='word_1_148' title='bbox 1132 2071 1231 2136; x_wconf 92' lang='lat' dir='ltr'>tde</span> <span class='ocrx_word' id='word_1_149' title='bbox 1254 2071 1448 2138; x_wconf 87' lang='lat' dir='ltr'>auloedist</span> <span class='ocrx_word' id='word_1_150' title='bbox 1417 2075 1448 2137; x_wconf 93' lang='lat' dir='ltr'>et</span> 
     </span>
     <span class='ocr_line' id='line_1_18' title="bbox 210 2169 1447 2256; baseline 0 -16"><span class='ocrx_word' id='word_1_151' title='bbox 210 2175 383 2240; x_wconf 85' lang='lat' dir='ltr'>citharistis</span> <span class='ocrx_word' id='word_1_152' title='bbox 413 2193 509 2256; x_wconf 89' lang='lat' dir='ltr'>eaque</span> <span class='ocrx_word' id='word_1_153' title='bbox 532 2173 691 2238; x_wconf 82' lang='lat' dir='ltr'>difficilior</span> <span class='ocrx_word' id='word_1_154' title='bbox 713 2172 903 2252; x_wconf 82' lang='lat' dir='ltr'>diiudicat3u</span> <span class='ocrx_word' id='word_1_155' title='bbox 935 2169 1074 2238; x_wconf 88' lang='lat' dir='ltr'>auloedie</span> <span class='ocrx_word' id='word_1_156' title='bbox 1103 2167 1243 2240; x_wconf 80' lang='lat' dir='ltr'>enimet</span> <span class='ocrx_word' id='word_1_157' title='bbox 1264 2176 1447 2242; x_wconf 80' lang='lat' dir='ltr'>citharistis</span> 
     </span>
     <span class='ocr_line' id='line_1_19' title="bbox 192 2229 1447 2389; baseline 0.002 -45"><span class='ocrx_word' id='word_1_158' title='bbox 192 2279 350 2358; x_wconf 81' lang='grc' dir='ltr'>’ἀνδράσι</span> <span class='ocrx_word' id='word_1_159' title='bbox 373 2277 514 2342; x_wconf 88' lang='lat' dir='ltr'>additum</span> <span class='ocrx_word' id='word_1_160' title='bbox 537 2278 678 2342; x_wconf 87' lang='lat' dir='ltr'>videmus</span> <span class='ocrx_word' id='word_1_161' title='bbox 685 2229 790 2389; x_wconf 57' lang='lat' dir='ltr'>,dcam</span> <span class='ocrx_word' id='word_1_162' title='bbox 813 2277 895 2358; x_wconf 89' lang='lat' dir='ltr'>apud</span> <span class='ocrx_word' id='word_1_163' title='bbox 919 2275 962 2340; x_wconf 92' lang='lat' dir='ltr'>cit</span> <span class='ocrx_word' id='word_1_164' title='bbox 948 2276 1111 2343; x_wconf 85' lang='lat' dir='ltr'>tharoedos</span> <span class='ocrx_word' id='word_1_165' title='bbox 1135 2282 1203 2342; x_wconf 91' lang='lat' dir='ltr'>ett</span> <span class='ocrx_word' id='word_1_166' title='bbox 1190 2259 1332 2344; x_wconf 82' lang='lat' dir='ltr'>tibicines</span> <span class='ocrx_word' id='word_1_167' title='bbox 1355 2298 1447 2346; x_wconf 88' lang='lat' dir='ltr'>acau-</span> 
     </span>
     <span class='ocr_line' id='line_1_20' title="bbox 210 2365 1449 2496; baseline 0.003 -50"><span class='ocrx_word' id='word_1_168' title='bbox 210 2385 259 2448; x_wconf 87' lang='lat' dir='ltr'>rat</span> <span class='ocrx_word' id='word_1_169' title='bbox 245 2375 443 2446; x_wconf 79' lang='lat' dir='ltr'>tresdelinit&#39;</span> <span class='ocrx_word' id='word_1_170' title='bbox 433 2399 461 2445; x_wconf 86' lang='grc' dir='ltr'>ιο</span> <span class='ocrx_word' id='word_1_171' title='bbox 477 2381 630 2448; x_wconf 91' lang='lat' dir='ltr'>desideret</span> <span class='ocrx_word' id='word_1_172' title='bbox 631 2389 676 2447; x_wconf 83' lang='lat' dir='ltr'>ur.</span> <span class='ocrx_word' id='word_1_173' title='bbox 688 2399 782 2496; x_wconf 85' lang='lat' dir='ltr'>quam</span> <span class='ocrx_word' id='word_1_174' title='bbox 797 2399 862 2443; x_wconf 92' lang='lat' dir='ltr'>rem</span> <span class='ocrx_word' id='word_1_175' title='bbox 879 2379 925 2444; x_wconf 91' lang='lat' dir='ltr'>ita</span> <span class='ocrx_word' id='word_1_176' title='bbox 947 2380 1191 2495; x_wconf 76' lang='lat' dir='ltr'>eiplioauerunt</span> <span class='ocrx_word' id='word_1_177' title='bbox 1195 2365 1348 2447; x_wconf 81' lang='lat' dir='ltr'>homines</span> <span class='ocrx_word' id='word_1_178' title='bbox 1353 2383 1449 2464; x_wconf 91' lang='lat' dir='ltr'>docti,</span> 
     </span>
     <span class='ocr_line' id='line_1_21' title="bbox 209 2477 1530 2584; baseline 0.003 -37.19"><span class='ocrx_word' id='word_1_179' title='bbox 209 2486 352 2550; x_wconf 79' lang='lat' dir='ltr'>rrtviroe</span> <span class='ocrx_word' id='word_1_180' title='bbox 375 2485 520 2550; x_wconf 87' lang='lat' dir='ltr'>auloedos</span> <span class='ocrx_word' id='word_1_181' title='bbox 555 2485 588 2550; x_wconf 91' lang='lat' dir='ltr'>et</span> <span class='ocrx_word' id='word_1_182' title='bbox 623 2484 705 2549; x_wconf 86' lang='lat' dir='ltr'>viros</span> <span class='ocrx_word' id='word_1_183' title='bbox 741 2483 784 2548; x_wconf 88' lang='lat' dir='ltr'>eit</span> <span class='ocrx_word' id='word_1_184' title='bbox 772 2483 886 2548; x_wconf 69' lang='lat' dir='ltr'>tharist</span> <span class='ocrx_word' id='word_1_185' title='bbox 888 2501 921 2547; x_wconf 91' lang='lat' dir='ltr'>as</span> <span class='ocrx_word' id='word_1_186' title='bbox 955 2481 1082 2584; x_wconf 83' lang='lat' dir='ltr'>opponi</span> <span class='ocrx_word' id='word_1_187' title='bbox 1084 2483 1206 2568; x_wconf 86' lang='lat' dir='ltr'>pueris</span> <span class='ocrx_word' id='word_1_188' title='bbox 1241 2485 1448 2552; x_wconf 89' lang='lat' dir='ltr'>auloedist</span> <span class='ocrx_word' id='word_1_189' title='bbox 1415 2490 1448 2551; x_wconf 90' lang='lat' dir='ltr'>et</span> <span class='ocrx_word' id='word_1_190' title='bbox 1527 2477 1530 2549; x_wconf 76' lang='lat' dir='ltr'>j</span> 
     </span>
     <span class='ocr_line' id='line_1_22' title="bbox 204 2587 1447 2682; baseline 0.002 -30.008"><span class='ocrx_word' id='word_1_191' title='bbox 204 2588 314 2682; x_wconf 86' lang='lat' dir='ltr'>pueris</span> <span class='ocrx_word' id='word_1_192' title='bbox 338 2587 492 2654; x_wconf 86' lang='lat' dir='ltr'>citharist</span> <span class='ocrx_word' id='word_1_193' title='bbox 470 2591 520 2663; x_wconf 89' lang='lat' dir='ltr'>trs,</span> <span class='ocrx_word' id='word_1_194' title='bbox 545 2589 657 2671; x_wconf 92' lang='lat' dir='ltr'>quibus</span> <span class='ocrx_word' id='word_1_195' title='bbox 680 2588 825 2670; x_wconf 85' lang='lat' dir='ltr'>separata</span> <span class='ocrx_word' id='word_1_196' title='bbox 846 2587 984 2669; x_wconf 78' lang='lat' dir='ltr'>praemia</span> <span class='ocrx_word' id='word_1_197' title='bbox 1006 2587 1162 2668; x_wconf 89' lang='lat' dir='ltr'>proposita</span> <span class='ocrx_word' id='word_1_198' title='bbox 1184 2591 1296 2662; x_wconf 87' lang='lat' dir='ltr'>essent,</span> <span class='ocrx_word' id='word_1_199' title='bbox 1327 2590 1447 2654; x_wconf 87' lang='lat' dir='ltr'>etatae·</span> 
     </span>
     <span class='ocr_line' id='line_1_23' title="bbox 128 2688 1446 2772; baseline 0.003 -18"><span class='ocrx_word' id='word_1_200' title='bbox 128 2749 130 2754; x_wconf 89' lang='lat'><em>.</em></span> <span class='ocrx_word' id='word_1_201' title='bbox 209 2696 298 2772; x_wconf 84' lang='lat' dir='ltr'>rent3</span> <span class='ocrx_word' id='word_1_202' title='bbox 267 2691 525 2756; x_wconf 87' lang='lat' dir='ltr'>tc..fBreuerl</span> <span class='ocrx_word' id='word_1_203' title='bbox 543 2690 676 2772; x_wconf 78' lang='lat' dir='ltr'>c...p24</span> <span class='ocrx_word' id='word_1_204' title='bbox 702 2709 799 2772; x_wconf 88' lang='lat' dir='ltr'>neque</span> <span class='ocrx_word' id='word_1_205' title='bbox 815 2689 921 2771; x_wconf 87' lang='lat' dir='ltr'>negari</span> <span class='ocrx_word' id='word_1_206' title='bbox 943 2690 1046 2771; x_wconf 91' lang='lat' dir='ltr'>potest</span> <span class='ocrx_word' id='word_1_207' title='bbox 1069 2688 1209 2768; x_wconf 82' lang='grc' dir='ltr'>ἀνδράσι</span> <span class='ocrx_word' id='word_1_208' title='bbox 1231 2692 1389 2758; x_wconf 89' lang='lat' dir='ltr'>adiectum</span> <span class='ocrx_word' id='word_1_209' title='bbox 1412 2713 1446 2758; x_wconf 92' lang='lat' dir='ltr'>re</span> 
     </span>
     <span class='ocr_line' id='line_1_24' title="bbox 206 2794 1445 2876; baseline 0.004 -21"><span class='ocrx_word' id='word_1_210' title='bbox 206 2811 285 2856; x_wconf 84' lang='lat' dir='ltr'>vera</span> <span class='ocrx_word' id='word_1_211' title='bbox 309 2812 344 2856; x_wconf 91' lang='lat' dir='ltr'>eo</span> <span class='ocrx_word' id='word_1_212' title='bbox 366 2812 421 2857; x_wconf 87' lang='lat' dir='ltr'>nos</span> <span class='ocrx_word' id='word_1_213' title='bbox 445 2795 604 2860; x_wconf 92' lang='lat' dir='ltr'>deducere.</span> <span class='ocrx_word' id='word_1_214' title='bbox 628 2795 749 2859; x_wconf 88' lang='lat' dir='ltr'>decerni</span> <span class='ocrx_word' id='word_1_215' title='bbox 773 2797 879 2858; x_wconf 90' lang='lat' dir='ltr'>autem</span> <span class='ocrx_word' id='word_1_216' title='bbox 902 2795 1031 2859; x_wconf 84' lang='lat' dir='ltr'>fortasse</span> <span class='ocrx_word' id='word_1_217' title='bbox 1060 2812 1109 2857; x_wconf 93' lang='lat' dir='ltr'>res</span> <span class='ocrx_word' id='word_1_218' title='bbox 1131 2795 1248 2876; x_wconf 88' lang='lat' dir='ltr'>poterit</span> <span class='ocrx_word' id='word_1_219' title='bbox 1262 2794 1445 2862; x_wconf 87' lang='lat' dir='ltr'>accuratius</span> 
     </span>
     <span class='ocr_line' id='line_1_25' title="bbox 204 2893 1444 2978; baseline 0.003 -20"><span class='ocrx_word' id='word_1_220' title='bbox 204 2893 359 2975; x_wconf 87' lang='lat' dir='ltr'>inspectis</span> <span class='ocrx_word' id='word_1_221' title='bbox 383 2895 469 2959; x_wconf 91' lang='lat' dir='ltr'>tituli</span> <span class='ocrx_word' id='word_1_222' title='bbox 492 2893 599 2976; x_wconf 89' lang='lat' dir='ltr'>Oropii</span> <span class='ocrx_word' id='word_1_223' title='bbox 633 2895 724 2959; x_wconf 92' lang='lat' dir='ltr'>lineis</span> <span class='ocrx_word' id='word_1_224' title='bbox 757 2896 884 2976; x_wconf 87' lang='lat' dir='ltr'>primis,</span> <span class='ocrx_word' id='word_1_225' title='bbox 919 2895 1030 2978; x_wconf 90' lang='lat' dir='ltr'>quibus</span> <span class='ocrx_word' id='word_1_226' title='bbox 1061 2897 1232 2960; x_wconf 90' lang='lat' dir='ltr'>certamina</span> <span class='ocrx_word' id='word_1_227' title='bbox 1265 2913 1444 2978; x_wconf 89' lang='lat' dir='ltr'>puerorum,</span> 
     </span>
     <span class='ocr_line' id='line_1_26' title="bbox 204 2996 1445 3083; baseline 0.003 -22"><span class='ocrx_word' id='word_1_228' title='bbox 204 2996 237 3062; x_wconf 91' lang='lat' dir='ltr'>si</span> <span class='ocrx_word' id='word_1_229' title='bbox 260 3015 293 3060; x_wconf 91' lang='lat' dir='ltr'>re</span> <span class='ocrx_word' id='word_1_230' title='bbox 323 3015 394 3061; x_wconf 87' lang='lat' dir='ltr'>vera</span> <span class='ocrx_word' id='word_1_231' title='bbox 422 2996 634 3074; x_wconf 87' lang='lat' dir='ltr'>habebantur,</span> <span class='ocrx_word' id='word_1_232' title='bbox 670 3001 914 3062; x_wconf 88' lang='lat' dir='ltr'>commemorata</span> <span class='ocrx_word' id='word_1_233' title='bbox 942 2998 1068 3062; x_wconf 87' lang='lat' dir='ltr'>fuerunt</span> <span class='ocrx_word' id='word_1_234' title='bbox 1084 2996 1117 3080; x_wconf 89' lang='lat'>¹),</span> <span class='ocrx_word' id='word_1_235' title='bbox 1156 3017 1226 3062; x_wconf 90' lang='lat' dir='ltr'>cum</span> <span class='ocrx_word' id='word_1_236' title='bbox 1249 2999 1301 3064; x_wconf 87' lang='lat' dir='ltr'>bio</span> <span class='ocrx_word' id='word_1_237' title='bbox 1323 3018 1445 3083; x_wconf 90' lang='lat' dir='ltr'>quoque</span> 
     </span>
     <span class='ocr_line' id='line_1_27' title="bbox 203 3099 1446 3188; baseline 0.002 -23"><span class='ocrx_word' id='word_1_238' title='bbox 203 3099 375 3166; x_wconf 88' lang='lat' dir='ltr'>citharista</span> <span class='ocrx_word' id='word_1_239' title='bbox 410 3103 440 3164; x_wconf 91' lang='lat' dir='ltr'>et</span> <span class='ocrx_word' id='word_1_240' title='bbox 468 3101 615 3166; x_wconf 88' lang='lat' dir='ltr'>auloedos</span> <span class='ocrx_word' id='word_1_241' title='bbox 644 3099 748 3164; x_wconf 81' lang='lat' dir='ltr'>verbis</span> <span class='ocrx_word' id='word_1_242' title='bbox 779 3100 860 3180; x_wconf 87' lang='grc' dir='ltr'>ἀνὴρ</span> <span class='ocrx_word' id='word_1_243' title='bbox 884 3102 1085 3180; x_wconf 87' lang='grc' dir='ltr'>κιθαριστής,</span> <span class='ocrx_word' id='word_1_244' title='bbox 1122 3101 1201 3181; x_wconf 87' lang='grc' dir='ltr'>ἀνὴρ</span> <span class='ocrx_word' id='word_1_245' title='bbox 1225 3102 1375 3188; x_wconf 81' lang='grc' dir='ltr'>αὐλῳδὸς</span> <span class='ocrx_word' id='word_1_246' title='bbox 1391 3105 1446 3168; x_wconf 92' lang='lat' dir='ltr'>de-</span> 
     </span>
     <span class='ocr_line' id='line_1_28' title="bbox 203 3202 1444 3286; baseline 0.002 -17"><span class='ocrx_word' id='word_1_247' title='bbox 203 3202 324 3286; x_wconf 84' lang='lat' dir='ltr'>signati</span> <span class='ocrx_word' id='word_1_248' title='bbox 357 3202 431 3266; x_wconf 89' lang='lat' dir='ltr'>sint.</span> <span class='ocrx_word' id='word_1_249' title='bbox 481 3202 595 3268; x_wconf 88' lang='lat' dir='ltr'>iniuria</span> <span class='ocrx_word' id='word_1_250' title='bbox 632 3223 702 3270; x_wconf 86' lang='lat' dir='ltr'>vero</span> <span class='ocrx_word' id='word_1_251' title='bbox 738 3204 804 3269; x_wconf 87' lang='lat' dir='ltr'>sine</span> <span class='ocrx_word' id='word_1_252' title='bbox 836 3204 929 3268; x_wconf 91' lang='lat' dir='ltr'>dnbio</span> <span class='ocrx_word' id='word_1_253' title='bbox 968 3206 1083 3270; x_wconf 90' lang='lat' dir='ltr'>Breuer</span> <span class='ocrx_word' id='word_1_254' title='bbox 1122 3206 1144 3270; x_wconf 92' lang='lat' dir='ltr'>l.</span> <span class='ocrx_word' id='word_1_255' title='bbox 1180 3222 1206 3270; x_wconf 87' lang='lat' dir='ltr'>c.</span> <span class='ocrx_word' id='word_1_256' title='bbox 1246 3206 1444 3272; x_wconf 89' lang='lat' dir='ltr'>adiciendum</span> 
     </span>
    </p>
   </div>
   <div class='ocr_carea' id='block_1_3' title="bbox 200 3468 1443 4657">
    <p class='ocr_par' dir='ltr' id='par_1_3' title="bbox 200 3468 1443 4657">
     <span class='ocr_line' id='line_1_29' title="bbox 314 3468 1442 3538; baseline 0.001 -14"><span class='ocrx_word' id='word_1_257' title='bbox 314 3474 333 3536; x_wconf 86' lang='lat'>¹)</span> <span class='ocrx_word' id='word_1_258' title='bbox 352 3469 414 3526; x_wconf 87' lang='lat' dir='ltr'>lare</span> <span class='ocrx_word' id='word_1_259' title='bbox 438 3476 528 3526; x_wconf 79' lang='lat' dir='ltr'>nostro</span> <span class='ocrx_word' id='word_1_260' title='bbox 546 3472 685 3535; x_wconf 86' lang='lat' dir='ltr'>miramur,</span> <span class='ocrx_word' id='word_1_261' title='bbox 704 3470 775 3538; x_wconf 91' lang='lat' dir='ltr'>qnod</span> <span class='ocrx_word' id='word_1_262' title='bbox 794 3485 898 3524; x_wconf 90' lang='lat' dir='ltr'>summo</span> <span class='ocrx_word' id='word_1_263' title='bbox 917 3469 981 3523; x_wconf 86' lang='lat' dir='ltr'>deae</span> <span class='ocrx_word' id='word_1_264' title='bbox 999 3468 1042 3522; x_wconf 90' lang='lat' dir='ltr'>die</span> <span class='ocrx_word' id='word_1_265' title='bbox 1060 3469 1127 3524; x_wconf 87' lang='lat' dir='ltr'>festo</span> <span class='ocrx_word' id='word_1_266' title='bbox 1145 3469 1248 3537; x_wconf 91' lang='lat' dir='ltr'>singuli</span> <span class='ocrx_word' id='word_1_267' title='bbox 1267 3470 1343 3538; x_wconf 89' lang='lat' dir='ltr'>pueri</span> <span class='ocrx_word' id='word_1_268' title='bbox 1356 3473 1442 3526; x_wconf 88' lang='lat' dir='ltr'>certa-</span> 
     </span>
     <span class='ocr_line' id='line_1_30' title="bbox 203 3552 1443 3624; baseline 0.002 -17"><span class='ocrx_word' id='word_1_269' title='bbox 203 3555 290 3608; x_wconf 89' lang='lat' dir='ltr'>minis</span> <span class='ocrx_word' id='word_1_270' title='bbox 308 3555 389 3608; x_wconf 91' lang='lat' dir='ltr'>initio</span> <span class='ocrx_word' id='word_1_271' title='bbox 408 3555 553 3624; x_wconf 89' lang='lat' dir='ltr'>prodibant</span> <span class='ocrx_word' id='word_1_272' title='bbox 572 3571 640 3624; x_wconf 86' lang='lat' dir='ltr'>quae</span> <span class='ocrx_word' id='word_1_273' title='bbox 659 3555 687 3608; x_wconf 92' lang='lat' dir='ltr'>in</span> <span class='ocrx_word' id='word_1_274' title='bbox 707 3555 863 3608; x_wconf 84' lang='lat' dir='ltr'>citharistae</span> <span class='ocrx_word' id='word_1_275' title='bbox 881 3553 954 3608; x_wconf 86' lang='lat' dir='ltr'>lndis</span> <span class='ocrx_word' id='word_1_276' title='bbox 967 3552 1119 3608; x_wconf 87' lang='lat' dir='ltr'>didicerant</span> <span class='ocrx_word' id='word_1_277' title='bbox 1137 3553 1348 3608; x_wconf 88' lang='lat' dir='ltr'>demonstraturi</span> <span class='ocrx_word' id='word_1_278' title='bbox 1358 3570 1443 3624; x_wconf 87' lang='lat' dir='ltr'>neque</span> 
     </span>
     <span class='ocr_line' id='line_1_31' title="bbox 207 3639 1443 3710; baseline 0.004 -19"><span class='ocrx_word' id='word_1_279' title='bbox 207 3655 270 3692; x_wconf 84' lang='lat' dir='ltr'>enm</span> <span class='ocrx_word' id='word_1_280' title='bbox 291 3655 390 3694; x_wconf 82' lang='lat' dir='ltr'>ruerem</span> <span class='ocrx_word' id='word_1_281' title='bbox 408 3641 463 3696; x_wconf 90' lang='lat' dir='ltr'>iam</span> <span class='ocrx_word' id='word_1_282' title='bbox 482 3639 596 3696; x_wconf 86' lang='lat' dir='ltr'>Periclis</span> <span class='ocrx_word' id='word_1_283' title='bbox 614 3643 703 3696; x_wconf 84' lang='lat' dir='ltr'>aetate</span> <span class='ocrx_word' id='word_1_284' title='bbox 722 3640 837 3694; x_wconf 85' lang='lat' dir='ltr'>valuisse</span> <span class='ocrx_word' id='word_1_285' title='bbox 855 3640 925 3694; x_wconf 91' lang='lat' dir='ltr'>mihi</span> <span class='ocrx_word' id='word_1_286' title='bbox 943 3639 1099 3708; x_wconf 87' lang='lat' dir='ltr'>persuadere</span> <span class='ocrx_word' id='word_1_287' title='bbox 1112 3655 1230 3708; x_wconf 87' lang='lat' dir='ltr'>possum.</span> <span class='ocrx_word' id='word_1_288' title='bbox 1249 3642 1443 3710; x_wconf 80' lang='lat' dir='ltr'>Apaturiornm</span> 
     </span>
     <span class='ocr_line' id='line_1_32' title="bbox 207 3724 1443 3797; baseline 0.004 -21"><span class='ocrx_word' id='word_1_289' title='bbox 207 3725 319 3791; x_wconf 88' lang='lat' dir='ltr'>quidem</span> <span class='ocrx_word' id='word_1_290' title='bbox 337 3726 364 3778; x_wconf 92' lang='lat' dir='ltr'>in</span> <span class='ocrx_word' id='word_1_291' title='bbox 384 3727 560 3780; x_wconf 88' lang='lat' dir='ltr'>sollemnibus</span> <span class='ocrx_word' id='word_1_292' title='bbox 578 3727 630 3780; x_wconf 90' lang='lat' dir='ltr'>iarn</span> <span class='ocrx_word' id='word_1_293' title='bbox 645 3726 798 3795; x_wconf 85' lang='lat' dir='ltr'>antiquitus</span> <span class='ocrx_word' id='word_1_294' title='bbox 816 3742 910 3796; x_wconf 86' lang='lat' dir='ltr'>pueros</span> <span class='ocrx_word' id='word_1_295' title='bbox 928 3724 1079 3794; x_wconf 86' lang='lat' dir='ltr'>rhapsodiis</span> <span class='ocrx_word' id='word_1_296' title='bbox 1098 3725 1130 3780; x_wconf 87' lang='lat' dir='ltr'>de</span> <span class='ocrx_word' id='word_1_297' title='bbox 1148 3726 1273 3795; x_wconf 88' lang='lat' dir='ltr'>praemiis</span> <span class='ocrx_word' id='word_1_298' title='bbox 1298 3729 1443 3797; x_wconf 79' lang='lat' dir='ltr'>propositis</span> 
     </span>
     <span class='ocr_line' id='line_1_33' title="bbox 203 3807 1443 3883; baseline 0.004 -20"><span class='ocrx_word' id='word_1_299' title='bbox 203 3813 323 3864; x_wconf 82' lang='lat' dir='ltr'>certasse</span> <span class='ocrx_word' id='word_1_300' title='bbox 347 3811 428 3865; x_wconf 89' lang='lat' dir='ltr'>Plato</span> <span class='ocrx_word' id='word_1_301' title='bbox 451 3813 520 3866; x_wconf 83' lang='lat' dir='ltr'>Tim.</span> <span class='ocrx_word' id='word_1_302' title='bbox 545 3814 621 3868; x_wconf 77' lang='lat'>2113</span> <span class='ocrx_word' id='word_1_303' title='bbox 648 3816 779 3876; x_wconf 61' lang='lat' dir='ltr'>testatum</span> <span class='ocrx_word' id='word_1_304' title='bbox 808 3819 876 3877; x_wconf 79' lang='grc' dir='ltr'>παῖς</span> <span class='ocrx_word' id='word_1_305' title='bbox 903 3828 964 3867; x_wconf 87' lang='lat' dir='ltr'>vero</span> <span class='ocrx_word' id='word_1_306' title='bbox 994 3814 1157 3881; x_wconf 83' lang='grc' dir='ltr'>κιθαριστὴς</span> <span class='ocrx_word' id='word_1_307' title='bbox 1181 3807 1236 3866; x_wconf 82' lang='lat' dir='ltr'>aut.</span> <span class='ocrx_word' id='word_1_308' title='bbox 1261 3832 1289 3868; x_wconf 89' lang='grc' dir='ltr'>π.</span> <span class='ocrx_word' id='word_1_309' title='bbox 1311 3815 1443 3883; x_wconf 84' lang='grc' dir='ltr'>αὐλῳδὸς</span> 
     </span>
     <span class='ocr_line' id='line_1_34' title="bbox 206 3898 1443 3968; baseline 0.004 -20"><span class='ocrx_word' id='word_1_310' title='bbox 206 3912 342 3964; x_wconf 88' lang='lat' dir='ltr'>nusquam</span> <span class='ocrx_word' id='word_1_311' title='bbox 363 3903 594 3960; x_wconf 84' lang='lat' dir='ltr'>commemoratur,</span> <span class='ocrx_word' id='word_1_312' title='bbox 613 3899 692 3953; x_wconf 83' lang='grc' dir='ltr'>παιδὶ</span> <span class='ocrx_word' id='word_1_313' title='bbox 704 3901 857 3968; x_wconf 82' lang='grc' dir='ltr'>κιθαρῳδῷ</span> <span class='ocrx_word' id='word_1_314' title='bbox 871 3900 1021 3967; x_wconf 84' lang='lat' dir='ltr'>praemium</span> <span class='ocrx_word' id='word_1_315' title='bbox 1034 3898 1189 3966; x_wconf 87' lang='lat' dir='ltr'>designatur</span> <span class='ocrx_word' id='word_1_316' title='bbox 1201 3899 1229 3951; x_wconf 95' lang='lat' dir='ltr'>in</span> <span class='ocrx_word' id='word_1_317' title='bbox 1242 3899 1326 3951; x_wconf 92' lang='lat' dir='ltr'>titulo</span> <span class='ocrx_word' id='word_1_318' title='bbox 1338 3899 1443 3967; x_wconf 80' lang='lat' dir='ltr'>Aphro·</span> 
     </span>
     <span class='ocr_line' id='line_1_35' title="bbox 201 3982 1442 4054; baseline 0.002 -16"><span class='ocrx_word' id='word_1_319' title='bbox 201 3983 321 4038; x_wconf 88' lang='lat' dir='ltr'>disiensi</span> <span class='ocrx_word' id='word_1_320' title='bbox 341 3982 402 4038; x_wconf 80' lang='lat' dir='ltr'>ClG</span> <span class='ocrx_word' id='word_1_321' title='bbox 420 3987 487 4036; x_wconf 76' lang='lat' dir='ltr'>nats</span> <span class='ocrx_word' id='word_1_322' title='bbox 505 3983 605 4038; x_wconf 88' lang='lat' dir='ltr'>aetatis</span> <span class='ocrx_word' id='word_1_323' title='bbox 619 3983 766 4052; x_wconf 86' lang='lat' dir='ltr'>Romanae;</span> <span class='ocrx_word' id='word_1_324' title='bbox 785 3989 866 4054; x_wconf 81' lang='lat' dir='ltr'>atque</span> <span class='ocrx_word' id='word_1_325' title='bbox 879 3987 1071 4054; x_wconf 88' lang='lat' dir='ltr'>imperatorum</span> <span class='ocrx_word' id='word_1_326' title='bbox 1085 3985 1264 4038; x_wconf 83' lang='lat' dir='ltr'>Rornanorum</span> <span class='ocrx_word' id='word_1_327' title='bbox 1277 3984 1442 4052; x_wconf 91' lang='lat' dir='ltr'>temporibus</span> 
     </span>
     <span class='ocr_line' id='line_1_36' title="bbox 201 4068 1442 4140; baseline 0.002 -18"><span class='ocrx_word' id='word_1_328' title='bbox 201 4069 288 4122; x_wconf 84' lang='lat' dir='ltr'>etiam</span> <span class='ocrx_word' id='word_1_329' title='bbox 307 4074 375 4132; x_wconf 81' lang='grc' dir='ltr'>ταῖς</span> <span class='ocrx_word' id='word_1_330' title='bbox 394 4070 535 4138; x_wconf 82' lang='grc' dir='ltr'>κωμῳδὸς</span> <span class='ocrx_word' id='word_1_331' title='bbox 555 4069 583 4123; x_wconf 93' lang='lat' dir='ltr'>in</span> <span class='ocrx_word' id='word_1_332' title='bbox 603 4070 752 4124; x_wconf 83' lang='lat' dir='ltr'>certamina</span> <span class='ocrx_word' id='word_1_333' title='bbox 770 4071 872 4140; x_wconf 84' lang='lat' dir='ltr'>prodiit</span> <span class='ocrx_word' id='word_1_334' title='bbox 890 4070 987 4137; x_wconf 79' lang='lat' dir='ltr'>(Wood</span> <span class='ocrx_word' id='word_1_335' title='bbox 1005 4070 1110 4124; x_wconf 86' lang='lat' dir='ltr'>Discor.</span> <span class='ocrx_word' id='word_1_336' title='bbox 1129 4072 1158 4124; x_wconf 87' lang='lat' dir='ltr'>at</span> <span class='ocrx_word' id='word_1_337' title='bbox 1177 4068 1305 4137; x_wconf 78' lang='lat' dir='ltr'>Ephesus.</span> <span class='ocrx_word' id='word_1_338' title='bbox 1324 4068 1442 4140; x_wconf 87' lang='lat' dir='ltr'>Inscrip-</span> 
     </span>
     <span class='ocr_line' id='line_1_37' title="bbox 204 4153 1439 4226; baseline 0.001 -19"><span class='ocrx_word' id='word_1_339' title='bbox 204 4154 279 4208; x_wconf 86' lang='lat' dir='ltr'>tione</span> <span class='ocrx_word' id='word_1_340' title='bbox 297 4155 366 4208; x_wconf 83' lang='lat' dir='ltr'>from</span> <span class='ocrx_word' id='word_1_341' title='bbox 385 4155 431 4208; x_wconf 87' lang='lat' dir='ltr'>the</span> <span class='ocrx_word' id='word_1_342' title='bbox 449 4156 501 4208; x_wconf 88' lang='lat' dir='ltr'>site</span> <span class='ocrx_word' id='word_1_343' title='bbox 520 4156 549 4210; x_wconf 82' lang='lat' dir='ltr'>oi</span> <span class='ocrx_word' id='word_1_344' title='bbox 574 4156 621 4210; x_wconf 91' lang='lat' dir='ltr'>tha</span> <span class='ocrx_word' id='word_1_345' title='bbox 639 4158 738 4226; x_wconf 89' lang='lat' dir='ltr'>templa</span> <span class='ocrx_word' id='word_1_346' title='bbox 762 4157 793 4210; x_wconf 81' lang='lat' dir='ltr'>of</span> <span class='ocrx_word' id='word_1_347' title='bbox 813 4157 900 4210; x_wconf 84' lang='lat' dir='ltr'>Dione</span> <span class='ocrx_word' id='word_1_348' title='bbox 917 4174 941 4226; x_wconf 90' lang='lat' dir='ltr'>p.</span> <span class='ocrx_word' id='word_1_349' title='bbox 964 4161 994 4210; x_wconf 84' lang='grc'>16</span> <span class='ocrx_word' id='word_1_350' title='bbox 1012 4171 1041 4208; x_wconf 91' lang='lat' dir='ltr'>n.</span> <span class='ocrx_word' id='word_1_351' title='bbox 1062 4157 1103 4222; x_wconf 82' lang='lat' dir='ltr'>lt)</span> <span class='ocrx_word' id='word_1_352' title='bbox 1123 4154 1156 4208; x_wconf 84' lang='lat' dir='ltr'>cf.</span> <span class='ocrx_word' id='word_1_353' title='bbox 1175 4156 1258 4210; x_wconf 89' lang='lat' dir='ltr'>etiam</span> <span class='ocrx_word' id='word_1_354' title='bbox 1277 4153 1339 4210; x_wconf 81' lang='lat' dir='ltr'>ela</span> <span class='ocrx_word' id='word_1_355' title='bbox 1362 4161 1439 4210; x_wconf 83' lang='lat'><strong>3088.</strong></span> 
     </span>
     <span class='ocr_line' id='line_1_38' title="bbox 202 4239 1441 4313; baseline -0.002 -19"><span class='ocrx_word' id='word_1_356' title='bbox 202 4241 376 4310; x_wconf 82' lang='grc' dir='ltr'>Κιθαρισμός</span> <span class='ocrx_word' id='word_1_357' title='bbox 399 4243 472 4298; x_wconf 87' lang='lat' dir='ltr'>inter</span> <span class='ocrx_word' id='word_1_358' title='bbox 499 4245 674 4300; x_wconf 88' lang='lat' dir='ltr'>certaminum</span> <span class='ocrx_word' id='word_1_359' title='bbox 703 4259 801 4313; x_wconf 84' lang='lat' dir='ltr'>genera</span> <span class='ocrx_word' id='word_1_360' title='bbox 818 4246 942 4312; x_wconf 88' lang='lat' dir='ltr'>apparet,</span> <span class='ocrx_word' id='word_1_361' title='bbox 971 4256 1040 4311; x_wconf 88' lang='lat' dir='ltr'>quae</span> <span class='ocrx_word' id='word_1_362' title='bbox 1058 4241 1085 4293; x_wconf 93' lang='lat' dir='ltr'>in</span> <span class='ocrx_word' id='word_1_363' title='bbox 1106 4240 1196 4294; x_wconf 86' lang='lat' dir='ltr'>titulis</span> <span class='ocrx_word' id='word_1_364' title='bbox 1214 4239 1275 4294; x_wconf 82' lang='lat' dir='ltr'>Teis</span> <span class='ocrx_word' id='word_1_365' title='bbox 1294 4240 1353 4295; x_wconf 79' lang='lat' dir='ltr'>cm</span> <span class='ocrx_word' id='word_1_366' title='bbox 1371 4244 1441 4294; x_wconf 79' lang='lat'>3088</span> 
     </span>
     <span class='ocr_line' id='line_1_39' title="bbox 202 4325 1439 4398; baseline -0.004 -16"><span class='ocrx_word' id='word_1_367' title='bbox 202 4330 249 4394; x_wconf 86' lang='lat' dir='ltr'>(ci.</span> <span class='ocrx_word' id='word_1_368' title='bbox 262 4333 342 4397; x_wconf 74' lang='lat'><strong>3059)</strong></span> <span class='ocrx_word' id='word_1_369' title='bbox 360 4333 389 4384; x_wconf 86' lang='lat' dir='ltr'>et</span> <span class='ocrx_word' id='word_1_370' title='bbox 407 4329 474 4386; x_wconf 83' lang='lat' dir='ltr'>Chio</span> <span class='ocrx_word' id='word_1_371' title='bbox 492 4329 553 4386; x_wconf 85' lang='lat' dir='ltr'>CIG</span> <span class='ocrx_word' id='word_1_372' title='bbox 573 4335 641 4384; x_wconf 71' lang='lat'>2214</span> <span class='ocrx_word' id='word_1_373' title='bbox 658 4332 692 4384; x_wconf 86' lang='lat' dir='ltr'>ad</span> <span class='ocrx_word' id='word_1_374' title='bbox 712 4345 855 4398; x_wconf 89' lang='lat' dir='ltr'>puerorum</span> <span class='ocrx_word' id='word_1_375' title='bbox 873 4344 974 4398; x_wconf 87' lang='lat' dir='ltr'>agonas</span> <span class='ocrx_word' id='word_1_376' title='bbox 986 4326 1170 4396; x_wconf 83' lang='lat' dir='ltr'>spectantibus</span> <span class='ocrx_word' id='word_1_377' title='bbox 1180 4328 1379 4391; x_wconf 86' lang='lat' dir='ltr'>enumerantur,</span> <span class='ocrx_word' id='word_1_378' title='bbox 1393 4325 1439 4380; x_wconf 92' lang='lat' dir='ltr'>ubi</span> 
     </span>
     <span class='ocr_line' id='line_1_40' title="bbox 200 4411 1441 4486; baseline -0.004 -18"><span class='ocrx_word' id='word_1_379' title='bbox 200 4416 328 4472; x_wconf 88' lang='lat' dir='ltr'>aulodiae</span> <span class='ocrx_word' id='word_1_380' title='bbox 346 4432 399 4471; x_wconf 92' lang='lat' dir='ltr'>non</span> <span class='ocrx_word' id='word_1_381' title='bbox 418 4416 450 4471; x_wconf 87' lang='lat' dir='ltr'>fit</span> <span class='ocrx_word' id='word_1_382' title='bbox 468 4417 579 4472; x_wconf 89' lang='lat' dir='ltr'>mentio.</span> <span class='ocrx_word' id='word_1_383' title='bbox 598 4419 794 4472; x_wconf 86' lang='lat' dir='ltr'>verumtamen</span> <span class='ocrx_word' id='word_1_384' title='bbox 811 4417 904 4486; x_wconf 84' lang='lat' dir='ltr'>negari</span> <span class='ocrx_word' id='word_1_385' title='bbox 923 4413 1018 4484; x_wconf 86' lang='lat' dir='ltr'>nequit</span> <span class='ocrx_word' id='word_1_386' title='bbox 1036 4411 1157 4476; x_wconf 79' lang='lat' dir='ltr'>Athenis,</span> <span class='ocrx_word' id='word_1_387' title='bbox 1178 4412 1225 4465; x_wconf 92' lang='lat' dir='ltr'>ubi</span> <span class='ocrx_word' id='word_1_388' title='bbox 1242 4413 1319 4482; x_wconf 88' lang='lat' dir='ltr'>pueri</span> <span class='ocrx_word' id='word_1_389' title='bbox 1337 4411 1441 4465; x_wconf 86' lang='lat' dir='ltr'>totiens</span> 
     </span>
     <span class='ocr_line' id='line_1_41' title="bbox 202 4495 1438 4572; baseline -0.005 -18"><span class='ocrx_word' id='word_1_390' title='bbox 202 4501 231 4554; x_wconf 88' lang='lat' dir='ltr'>in</span> <span class='ocrx_word' id='word_1_391' title='bbox 257 4500 344 4556; x_wconf 87' lang='lat' dir='ltr'>choris</span> <span class='ocrx_word' id='word_1_392' title='bbox 371 4503 464 4572; x_wconf 77' lang='lat' dir='ltr'>cycliis</span> <span class='ocrx_word' id='word_1_393' title='bbox 491 4503 638 4558; x_wconf 85' lang='lat' dir='ltr'>cantabant</span> <span class='ocrx_word' id='word_1_394' title='bbox 665 4503 741 4557; x_wconf 88' lang='lat' dir='ltr'>tibiis</span> <span class='ocrx_word' id='word_1_395' title='bbox 769 4501 968 4564; x_wconf 77' lang='lat' dir='ltr'>eminentibus,</span> <span class='ocrx_word' id='word_1_396' title='bbox 992 4499 1097 4552; x_wconf 80' lang='lat' dir='ltr'>saeculo</span> <span class='ocrx_word' id='word_1_397' title='bbox 1115 4500 1211 4568; x_wconf 84' lang='lat' dir='ltr'>quarto</span> <span class='ocrx_word' id='word_1_398' title='bbox 1230 4497 1353 4566; x_wconf 90' lang='lat' dir='ltr'>singulos</span> <span class='ocrx_word' id='word_1_399' title='bbox 1373 4495 1438 4549; x_wconf 87' lang='lat' dir='ltr'>adeo</span> 
     </span>
     <span class='ocr_line' id='line_1_42' title="bbox 201 4587 890 4657; baseline 0.001 -19"><span class='ocrx_word' id='word_1_400' title='bbox 201 4599 300 4652; x_wconf 86' lang='lat' dir='ltr'>pueros</span> <span class='ocrx_word' id='word_1_401' title='bbox 320 4587 371 4641; x_wconf 88' lang='lat' dir='ltr'>hoc</span> <span class='ocrx_word' id='word_1_402' title='bbox 389 4590 485 4642; x_wconf 88' lang='lat' dir='ltr'>cantus</span> <span class='ocrx_word' id='word_1_403' title='bbox 503 4605 598 4657; x_wconf 88' lang='lat' dir='ltr'>genere</span> <span class='ocrx_word' id='word_1_404' title='bbox 617 4589 723 4657; x_wconf 88' lang='lat' dir='ltr'>publica</span> <span class='ocrx_word' id='word_1_405' title='bbox 741 4589 890 4643; x_wconf 70' lang='lat' dir='ltr'>certadese.</span> 
     </span>
    </p>
   </div>
   <div class='ocr_carea' id='block_1_4' title="bbox 0 0 1624 5112">
    <p class='ocr_par' dir='ltr' id='par_1_4' title="bbox 0 0 1624 5112">
     <span class='ocr_line' id='line_1_43' title="bbox 0 0 1624 5112; baseline 0 3"><span class='ocrx_word' id='word_1_406' title='bbox 0 0 1624 5112; x_wconf 95' lang='lat' dir='ltr'> </span> 
     </span>
    </p>
   </div>
  </div>
 </body>
</html>
