3240 5112
828 327 848 372 a
936 312 968 386 ἰ
1113 315 1182 380 ι

213 319 292 440 16],ἱΙ
596 365 599 372 ’
752 365 767 408 o
846 377 931 432 ἰ
998 413 1164 438 ,.

196 465 198 472 ‚
285 445 645 560 ίνίῇἶίιΜυίίίί
693 483 736 518 ιλ
788 443 875 527 lla]
959 480 998 520 ‘1
1044 475 1105 514 i'''·
1148 476 1180 499 '¹

213 577 320 624 carum
343 577 467 641 genera,
491 575 571 640 quae
594 487 739 624 Athenis
751 558 807 622 illa
829 559 980 626 florebant
1001 563 1071 626 aeta
1072 562 1113 637 to,
1137 561 1302 626 tractanda
1317 563 1454 628 transeo.

212 663 326 728 etenim
337 662 518 771 ,tibicinum
553 665 585 726 et
619 661 837 744 auloedorum‚
873 663 902 730 ci
905 664 1017 728 tharist
1004 667 1168 732 ttarume
1197 664 1242 730 cit
1228 664 1454 746 tharoedorum

211 749 446 865 singulorum
443 759 644 841 certamina
648 759 737 844 nun
744 767 815 832 cum
848 764 953 832 festis
972 751 1093 832 Bacchi
1127 767 1253 846 diebus,
1292 769 1346 834 sed
1377 787 1453 834 curn

212 858 372 936 Minervae
396 869 600 934 sollemnibus
624 849 792 934 coniuncta
815 871 915 936 erant
932 872 1102 952 atqueut
1124 869 1277 952 quondam
1300 871 1452 938 Pisistra-

210 942 434 1052 W
397 962 499 1038 medio
524 972 646 1038 saeculo
662 973 771 1054 quinto
787 972 925 1037 Pericles
941 973 1042 1038 Ριιιιι
1029 973 1232 1054 thenaeorum
1253 975 1450 1057 splendorem

83 1137 85 1160 ,
211 1077 295 1140 omni
318 1076 410 1140 modo
434 1093 548 1158 augere
570 1075 703 1144 studuit.
741 1095 834 1157 quem
859 1073 1004 1159 primuni
1026 1095 1128 1160 agone
1158 1077 1313 1142 musicum
1344 1077 1450 1142 Pana-

211 1178 444 1244 thenaeisinsti
433 1177 746 1244 rtuissePlutarchus
762 1179 939 1244 ιιιιιῖιιιιι
950 1179 1055 1246 verbis
1074 1173 1157 1262 (Per.
1173 1179 1243 1264 13).
1266 1183 1451 1262 φιλοτιμοό

210 1289 307 1360 μενος
331 1269 360 1346 δ’
384 1282 403 1346 ὁ
425 1283 583 1361 Περικλῆς
605 1282 679 1348 τότε
702 1286 832 1363 πρῶτον
856 1283 1043 1363 ἐψηφίσατο
1065 1289 1223 1362 μουσικῆς
1247 1283 1358 1361 ἀγῶνα
1380 1289 1450 1349 τοις

211 1385 449 1463 Παναθηναίοις
474 1385 608 1462 ἄγεσθαι
629 1387 680 1450 καὶ
703 1386 843 1452 διέταξεν
866 1373 966 1452 αὐτὸς
989 1388 1166 1465 ἀθλοθέτης
1183 1387 1320 1466 αἱρεθεὶς
1337 1388 1453 1452 καθότι

212 1490 272 1568 χρὴ
305 1489 383 1553 τοὺς
417 1488 675 1568 ἀγωνιζομένους
703 1491 809 1554 αὐλεῖν
831 1491 850 1570 ἣ
875 1491 963 1573 ᾅδειν
986 1493 1005 1570 ἢ
1029 1492 1209 1570 κιθαρίζειν.
1247 1491 1323 1556 haec
1352 1489 1452 1572 igitur

168 1638 171 1687 ι
212 1591 294 1654 οιιιι
317 1611 353 1656 er
375 1596 465 1672 parto
487 1611 561 1658 vera
590 1610 656 1657 esse
686 1594 749 1658 iam
783 1596 876 1658 antea
910 1595 1056 1679 negavis
1080 1595 1331 1660 citharoedorum
1366 1593 1451 1659 enim

117 1749 119 1758 ,
165 1761 166 1771 ,
214 1693 445 1760 commissiones
466 1695 608 1781 Athenis
641 1696 816 1778 antiquitus
851 1697 983 1765 usitatas
1019 1717 1085 1764 esse
1120 1717 1191 1764 cum
1228 1698 1290 1764 alia
1320 1698 1448 1762 demon·

109 1796 124 1808 ''
163 1785 165 1800 ’
212 1786 314 1862 strant
336 1799 404 1862 tum
429 1799 535 1896 colligi
557 1801 658 1882 potest
681 1819 718 1863 er
740 1795 835 1866 titulo
858 1799 930 1866 θΙΑ
948 1786 969 1865 ¹I
992 1801 1054 1868 357
1081 1802 1132 1884 (cf.
1160 1801 1231 1868 OIA
1253 1803 1300 1866 IV
1322 1821 1352 1884 p.
1371 1798 1448 1885 40):

212 1898 324 1985 Αιλκίβ
327 1910 376 1967 ιος
395 1899 401 1986 Ι
421 1893 573 1980 ἀνέθηκεν
593 1901 599 1988 Ι
618 1905 800 1988 κιθαρῳδὸς
819 1902 825 1987 Ι
846 1905 1025 1984 Νησιώτης.
1050 1921 1143 1986 quern
1159 1909 1250 1988 propt
1252 1924 1286 1970 er
1237 1903 1413 1968 tvetnst
1405 1922 1449 1968 rs-

67 1997 70 2004 ’
95 1989 101 2032 ⁵
126 1993 184 2057 s,
213 2002 309 2068 simas
331 2004 509 2070 litterarum
533 2005 649 2072 formas
673 2007 787 2072 adt
737 2011 787 2072 ιιι
789 2025 876 2072 rema
898 2011 975 2073 serti
998 2009 1116 2075 saeculi
1140 2009 1290 2074 decennia
1312 2007 1451 2072 referen-

69 2103 142 2190 ἰβ’
213 2106 289 2170 dum
312 2125 377 2172 esse
400 2105 512 2172 Schdtz
482 2108 643 2186 tfflist.
675 2087 757 2190 alph.
780 2106 872 2174 attici
899 2110 1038 2176 Berolini
1068 2110 1151 2176 1875
1181 2131 1211 2193 p.
1244 2111 1297 2188 14)
1318 2111 1450 2174 'demon-

102 2219 138 2283 ,ιι
214 2209 372 2294 ιιιιιιιι)
411 2229 447 2274 ac
469 2211 755 2293 praeclarissimum
777 2230 930 2294 quemque
952 2216 1002 2277 art
989 2213 1105 2278 tificem
1128 2214 1284 2279 musicum
1315 2213 1450 2280 Athenis

43 2391 46 2398 Ι
140 2357 167 2368 .,
215 2315 373 2376 uersatum
396 2330 463 2376 esse
485 2312 590 2396 ibique
621 2315 756 2378 maximo
786 2315 902 2380 civium
936 2315 1040 2381 favore
1069 2315 1209 2381 floruisse
1232 2317 1451 2382 demonstrant

62 2443 78 2470 ι.
113 2443 115 2450 ι
154 2445 155 2448 ¹
182 2433 260 2490 voa,
284 2431 361 2496 quae
383 2415 572 2480 Plutarchus
598 2417 720 2498 (Them.
744 2417 777 2498 5)
804 2418 841 2482 de
864 2417 1077 2483 Themistocle
1102 2421 1268 2504 memoriae
1299 2418 1448 2485 tradidit:

213 2522 252 2600 τῆ
283 2520 319 2584 δὲ
348 2517 511 2602 φιλοτιμίᾳ
549 2519 672 2584 πάντας
705 2519 910 2600 ὑπερέβαλεν,
944 2520 1024 2585 ὥστ’
1052 2521 1097 2586 ἔτι
1130 2525 1186 2601 μὲν
1220 2525 1295 2589 νέος
1324 2524 1370 2586 ὢν
1399 2524 1452 2586 καὶ

214 2619 343 2701 ἀφανὴς
365 2621 513 2688 Ἐπικλέα
535 2622 593 2686 τὸν
616 2622 649 2690 ἐξ
677 2615 846 2702 Ἑρμιόνης
874 2627 1059 2704 κιθαριστὴν
1089 2625 1356 2704 σπουδαζόμενον
1385 2625 1450 2688 ὑπὸ

87 2773 92 2796 ,,
214 2729 279 2790 τῶν
318 2712 498 2802 Αθηναίιυν
531 2723 740 2804 ἐκλιπαρῆσαι
779 2729 911 2805 μελετᾶν
944 2725 1018 2805 παρ’
1053 2727 1151 2831 αὐτῷ
1186 2729 1451 2808 φιλοτιμούμενος

215 2829 357 2895 πολλοὺς
379 2829 437 2907 τὴν
462 2827 563 2893 οἰκίαν
579 2831 684 2906 ζητεῖν
707 2829 757 2896 καὶ
780 2831 897 2909 φοιτᾶν
919 2829 1003 2908 πρὸς
1020 2829 1144 2895 αὐτόν.
1144 2807 1288 2912 denique
1305 2831 1451 2896 tibicines

216 2952 336 3016 quoque
358 2931 422 2995 iarn
445 2931 567 2995 saeculo
591 2930 676 2996 serto
698 2935 829 2996 exeunte
858 2933 914 2996 aut
944 2930 1071 2998 ineunte
1093 2931 1201 3014 quinto
1225 2933 1450 3000 certaminibus

215 3033 450 3098 Panathenaicis
472 3031 651 3098 interfuisse
674 3034 757 3099 recte
779 3035 858 3099 Furt
855 3033 996 3124 utngler
1019 3034 1207 3112 (Archt
1139 3033 1217 3102 Ζαιι
1233 3035 1312 3101 1881
1330 3055 1360 3118 p
1373 3035 1450 3116 303)

175 3189 176 3196 ,
215 3139 294 3202 inde
310 3121 462 3219 collegit,
497 3137 578 3218 quod
620 3155 673 3202 vas
706 3155 840 3220 parvum
868 3139 963 3215 aetati
991 3136 1040 3202 illi
1074 3137 1314 3204 adscribendum
1350 3140 1451 3206 adhuc

105 3275 114 3336 χ
216 3242 302 3306 extat
324 3240 421 3324 (Nori
422 3239 647 3324 hamptoniae),
682 3240 715 3304 in
751 3240 838 3324 cuius
870 3259 932 3305 uno
961 3239 1058 3306 latero
1080 3241 1268 3307 Minerua
1259 3246 1309 3307 ιιι
1310 3261 1343 3308 er
1295 3242 1450 3308 tduas

161 3379 162 3386 ι
216 3347 374 3431 columnas
398 3361 436 3407 ea
457 3343 570 3424 specie,
593 3361 654 3425 qua
676 3361 799 3426 semper
821 3345 863 3412 ιιι,
878 3343 1001 3412 vasibus
1018 3343 1272 3410 Panathenaicis
1301 3347 1450 3436 cernitur,

216 3450 246 3512 in
270 3447 368 3512 altero
397 3443 515 3510 tibicen
545 3444 628 3509 inter
656 3444 731 3510 duos
762 3445 882 3510 indices
916 3443 1196 3530 conspiciunturll.
1234 3449 1322 3516 cuius
1355 3466 1450 3533 argu-

217 3609 420 3620 ...μ-

217 3699 247 3754 ΙΙ
265 3701 314 3751 532
326 3695 386 3749 adn.
397 3696 442 3760 21)
461 3694 496 3748 ad
514 3693 653 3748 victoriam
664 3693 835 3764 dithyramho
855 3695 961 3763 partam
980 3694 1078 3748 referre
1097 3695 1191 3751 uoluit.
1207 3697 1234 3748 et
1252 3712 1280 3749 re
1298 3711 1360 3748 vera
1378 3694 1451 3750 haud

217 3783 296 3838 facile
319 3783 498 3850 intellegitur,
526 3794 577 3847 quo
604 3780 682 3835 modo
706 3797 737 3834 er
760 3781 843 3834 titulo
867 3783 902 3834 ad
920 3780 1081 3835 comoediam
1101 3785 1238 3849 spectante
1257 3781 1348 3848 colligi
1366 3782 1451 3849 possit

217 3869 395 3926 Athenienses
407 3869 458 3923 illa
476 3872 565 3924 aetate
583 3885 674 3923 omnes
692 3867 822 3922 tibiarum
840 3867 935 3922 cantui
947 3867 1089 3920 studuisse.
1108 3883 1194 3935 neque
1207 3869 1297 3920 tamen
1310 3869 1449 3935 propterea

215 3957 298 4012 audeo
308 3955 471 4026 Ecphantidi
489 3957 582 4026 poetae
600 3954 700 4008 cornico
711 3953 754 4020 (ci.
764 3953 891 4008 Meinelrii
910 3953 982 4008 Hist.
992 3968 1058 4006 com.
1069 3969 1109 4022 gr.
1120 3969 1145 4022 p.
1158 3957 1190 4004 35
1203 3955 1254 4022 sq.)
1265 3952 1450 4022 dithyrambos

168 4083 172 4092 ,
216 4043 372 4110 adscribere,
383 4043 538 4112 praesertim
557 4057 618 4096 cum
636 4039 729 4093 tabula
747 4039 870 4094 dedicata
889 4039 989 4108 optime
1008 4039 1150 4093 conueniat
1169 4037 1298 4092 victoriae
1316 4038 1451 4111 scaenicae

218 4131 263 4199 (cf.
283 4128 373 4198 Bergk
392 4129 410 4182 l.
429 4145 452 4183 c.
470 4128 515 4182 III
534 4133 567 4181 60
585 4125 647 4181 adn.
660 4129 730 4194 205).

321 4243 340 4310 ¹)
360 4240 393 4294 cf.
412 4240 493 4294 etiam
511 4228 707 4294 Kirchhoflium
727 4239 762 4292 ad
780 4237 840 4292 OlA
859 4238 873 4292 I
892 4241 951 4289 372.

322 4356 342 4418 ²)
361 4353 494 4410 Auloedoe
513 4367 617 4421 quoque
641 4352 696 4404 iam
719 4350 873 4418 antiquitus
901 4347 1095 4400 Panathenaeis
1124 4348 1153 4399 in
1172 4362 1294 4402 scaenam
1321 4348 1451 4416 prodiisse

216 4440 280 4496 inde
306 4439 419 4494 sortasse
445 4437 572 4508 colligere
590 4439 661 4504 licet,
681 4439 752 4507 quod
778 4441 796 4505 ἡ
823 4441 884 4490 τῶν
907 4433 1124 4502 Παναθηναίων
1148 4437 1247 4503 γραφὴ
1265 4437 1282 4502 ἡ
1303 4437 1366 4503 περι
1398 4439 1449 4488 τοι

218 4532 352 4595 μουσικοῦ
372 4527 642 4610 ἀγῶνοςιιιιιηυιιιι
654 4524 839 4578 testimonium
852 4521 1003 4584 adhibetur,
1015 4519 1105 4575 ubido
1117 4520 1316 4608 antiquissimis
1330 4519 1450 4574 auloedis

216 4615 297 4670 verbo
315 4614 385 4670 fiunt
404 4614 481 4684 (Plut
500 4612 531 4666 de
550 4628 617 4666 mus.
636 4614 673 4678 8).
