<?xml version="1.0" encoding="UTF-8"?>
<!DOCTYPE html PUBLIC "-//W3C//DTD XHTML 1.0 Transitional//EN"
    "http://www.w3.org/TR/xhtml1/DTD/xhtml1-transitional.dtd">
<html xmlns="http://www.w3.org/1999/xhtml" xml:lang="en" lang="en">
 <head>
  <title>
</title>
<meta http-equiv="Content-Type" content="text/html;charset=utf-8" />
  <meta name='ocr-system' content='tesseract 3.04.00' />
  <meta name='ocr-capabilities' content='ocr_page ocr_carea ocr_par ocr_line ocrx_word'/>
</head>
<body>
  <div class='ocr_page' id='page_1' title='image "./demusicisgraeco00reisgoog_0037.png"; bbox 0 0 3240 5112; ppageno 0'>
   <div class='ocr_carea' id='block_1_1' title="bbox 1365 381 1412 446">
    <p class='ocr_par' dir='ltr' id='par_1_1' title="bbox 1365 381 1412 446">
     <span class='ocr_line' id='line_1_1' title="bbox 1365 381 1412 446; baseline 0 0"><span class='ocrx_word' id='word_1_1' title='bbox 1365 381 1412 446; x_wconf 78' lang='lat'>29</span> 
     </span>
    </p>
   </div>
   <div class='ocr_carea' id='block_1_2' title="bbox 162 567 1570 1078">
    <p class='ocr_par' dir='ltr' id='par_1_2' title="bbox 162 567 1520 961">
     <span class='ocr_line' id='line_1_2' title="bbox 163 567 1412 660; baseline -0.005 -21"><span class='ocrx_word' id='word_1_2' title='bbox 163 576 278 654; x_wconf 86' lang='grc' dir='ltr'>βέβηκε</span> <span class='ocrx_word' id='word_1_3' title='bbox 305 574 473 654; x_wconf 89' lang='grc' dir='ltr'>μουσικήν·</span> <span class='ocrx_word' id='word_1_4' title='bbox 507 573 545 636; x_wconf 93' lang='grc' dir='ltr'>τὸ</span> <span class='ocrx_word' id='word_1_5' title='bbox 573 571 634 649; x_wconf 83' lang='grc' dir='ltr'>γὰρ</span> <span class='ocrx_word' id='word_1_6' title='bbox 658 571 794 635; x_wconf 90' lang='grc' dir='ltr'>παλαιὸν</span> <span class='ocrx_word' id='word_1_7' title='bbox 818 569 880 632; x_wconf 79' lang='grc' dir='ltr'>ἕως</span> <span class='ocrx_word' id='word_1_8' title='bbox 904 567 948 632; x_wconf 82' lang='grc' dir='ltr'>εἰς</span> <span class='ocrx_word' id='word_1_9' title='bbox 973 569 1226 646; x_wconf 83' lang='grc' dir='ltr'>Μελανιππίδην,</span> <span class='ocrx_word' id='word_1_10' title='bbox 1260 569 1318 660; x_wconf 89' lang='grc' dir='ltr'>τὸν</span> <span class='ocrx_word' id='word_1_11' title='bbox 1341 575 1412 633; x_wconf 85' lang='grc' dir='ltr'>τῶν</span> 
     </span>
     <span class='ocr_line' id='line_1_3' title="bbox 163 670 1412 756; baseline -0.004 -15"><span class='ocrx_word' id='word_1_12' title='bbox 163 677 371 756; x_wconf 84' lang='grc' dir='ltr'>διθυράμβων</span> <span class='ocrx_word' id='word_1_13' title='bbox 400 676 556 752; x_wconf 79' lang='grc' dir='ltr'>ποιητήν,</span> <span class='ocrx_word' id='word_1_14' title='bbox 585 673 775 752; x_wconf 88' lang='grc' dir='ltr'>συμβεβήκει</span> <span class='ocrx_word' id='word_1_15' title='bbox 800 672 877 736; x_wconf 79' lang='grc' dir='ltr'>τοὺς</span> <span class='ocrx_word' id='word_1_16' title='bbox 907 670 1046 748; x_wconf 73' lang='grc' dir='ltr'>αὐλητὰς</span> <span class='ocrx_word' id='word_1_17' title='bbox 1069 672 1157 750; x_wconf 87' lang='grc' dir='ltr'>παρὰ</span> <span class='ocrx_word' id='word_1_18' title='bbox 1178 677 1245 736; x_wconf 87' lang='grc' dir='ltr'>τῶν</span> <span class='ocrx_word' id='word_1_19' title='bbox 1267 677 1412 750; x_wconf 85' lang='grc' dir='ltr'>ποιητῶν</span> 
     </span>
     <span class='ocr_line' id='line_1_4' title="bbox 162 775 1412 860; baseline -0.004 -15"><span class='ocrx_word' id='word_1_20' title='bbox 162 781 334 860; x_wconf 83' lang='grc' dir='ltr'>λαμβάνειν</span> <span class='ocrx_word' id='word_1_21' title='bbox 356 780 434 843; x_wconf 84' lang='grc' dir='ltr'>τοὺς</span> <span class='ocrx_word' id='word_1_22' title='bbox 456 778 593 858; x_wconf 83' lang='grc' dir='ltr'>μισθοὺς</span> <span class='ocrx_word' id='word_1_23' title='bbox 616 775 956 855; x_wconf 81' lang='grc' dir='ltr'>πρωταγωνιστούσης</span> <span class='ocrx_word' id='word_1_24' title='bbox 979 775 1128 852; x_wconf 90' lang='grc' dir='ltr'>δηλονότι</span> <span class='ocrx_word' id='word_1_25' title='bbox 1150 779 1208 852; x_wconf 80' lang='grc' dir='ltr'>τῆς</span> <span class='ocrx_word' id='word_1_26' title='bbox 1231 777 1412 853; x_wconf 72' lang='grc' dir='ltr'>ποιήσεως,</span> 
     </span>
     <span class='ocr_line' id='line_1_5' title="bbox 163 877 1520 961; baseline -0.005 -13"><span class='ocrx_word' id='word_1_27' title='bbox 163 885 306 961; x_wconf 84' lang='grc' dir='ltr'>ὕστερον</span> <span class='ocrx_word' id='word_1_28' title='bbox 336 885 378 954; x_wconf 60' lang='grc' dir='ltr'>δὲ,</span> <span class='ocrx_word' id='word_1_29' title='bbox 411 881 461 946; x_wconf 85' lang='grc' dir='ltr'>καὶ</span> <span class='ocrx_word' id='word_1_30' title='bbox 494 884 591 944; x_wconf 83' lang='grc' dir='ltr'>τοῦτο</span> <span class='ocrx_word' id='word_1_31' title='bbox 622 879 790 958; x_wconf 85' lang='grc' dir='ltr'>διεφθάρη.</span> <span class='ocrx_word' id='word_1_32' title='bbox 840 877 945 960; x_wconf 92' lang='lat' dir='ltr'>itaque</span> <span class='ocrx_word' id='word_1_33' title='bbox 982 897 1077 959; x_wconf 89' lang='lat' dir='ltr'>usque</span> <span class='ocrx_word' id='word_1_34' title='bbox 1113 877 1151 942; x_wconf 89' lang='lat' dir='ltr'>ad</span> <span class='ocrx_word' id='word_1_35' title='bbox 1181 877 1408 960; x_wconf 88' lang='lat' dir='ltr'>Melanippidis</span> <span class='ocrx_word' id='word_1_36' title='bbox 1501 907 1520 946; x_wconf 52' lang='grc' dir='ltr'>,ι</span> 
     </span>
    </p>

    <p class='ocr_par' dir='ltr' id='par_1_3' title="bbox 165 966 1570 1078">
     <span class='ocr_line' id='line_1_6' title="bbox 165 966 1570 1078; baseline -0.006 -29"><span class='ocrx_word' id='word_1_37' title='bbox 165 989 237 1050; x_wconf 90' lang='lat' dir='ltr'>aeta</span> <span class='ocrx_word' id='word_1_38' title='bbox 219 987 342 1050; x_wconf 90' lang='lat' dir='ltr'>attern</span> <span class='ocrx_word' id='word_1_39' title='bbox 329 983 474 1049; x_wconf 80' lang='lat' dir='ltr'>tibicines</span> <span class='ocrx_word' id='word_1_40' title='bbox 498 983 586 1064; x_wconf 89' lang='lat' dir='ltr'>quasi</span> <span class='ocrx_word' id='word_1_41' title='bbox 611 981 729 1046; x_wconf 81' lang='lat' dir='ltr'>addicti</span> <span class='ocrx_word' id='word_1_42' title='bbox 704 985 841 1046; x_wconf 91' lang='lat' dir='ltr'>terant</span> <span class='ocrx_word' id='word_1_43' title='bbox 862 981 974 1062; x_wconf 86' lang='lat' dir='ltr'>poetis,</span> <span class='ocrx_word' id='word_1_44' title='bbox 998 981 1172 1064; x_wconf 89' lang='lat' dir='ltr'>nequeigit</span> <span class='ocrx_word' id='word_1_45' title='bbox 1159 979 1409 1046; x_wconf 89' lang='lat' dir='ltr'>tnominibusur</span> <span class='ocrx_word' id='word_1_46' title='bbox 1508 1044 1524 1078; x_wconf 13' lang='grc' dir='ltr'>ΙΙ</span> <span class='ocrx_word' id='word_1_47' title='bbox 1559 966 1570 974; x_wconf 64' lang='grc'><strong>“</strong></span> 
     </span>
    </p>
   </div>
   <div class='ocr_carea' id='block_1_3' title="bbox 101 1081 1524 3946">
    <p class='ocr_par' dir='ltr' id='par_1_4' title="bbox 101 1081 1482 1783">
     <span class='ocr_line' id='line_1_7' title="bbox 166 1081 1410 1166; baseline -0.002 -16"><span class='ocrx_word' id='word_1_48' title='bbox 166 1105 275 1150; x_wconf 88' lang='lat' dir='ltr'>eorum</span> <span class='ocrx_word' id='word_1_49' title='bbox 298 1085 383 1149; x_wconf 90' lang='lat' dir='ltr'>locus</span> <span class='ocrx_word' id='word_1_50' title='bbox 407 1085 530 1150; x_wconf 88' lang='lat' dir='ltr'>eratrn</span> <span class='ocrx_word' id='word_1_51' title='bbox 544 1082 648 1148; x_wconf 86' lang='lat' dir='ltr'>trtnlrs</span> <span class='ocrx_word' id='word_1_52' title='bbox 665 1081 930 1166; x_wconf 88' lang='lat' dir='ltr'>choragrcrs)</span> <span class='ocrx_word' id='word_1_53' title='bbox 933 1103 982 1146; x_wconf 93' lang='lat' dir='ltr'>um</span> <span class='ocrx_word' id='word_1_54' title='bbox 1001 1101 1072 1148; x_wconf 84' lang='lat' dir='ltr'>vero</span> <span class='ocrx_word' id='word_1_55' title='bbox 1088 1083 1254 1166; x_wconf 78' lang='lat' dir='ltr'>paullatim</span> <span class='ocrx_word' id='word_1_56' title='bbox 1271 1084 1410 1148; x_wconf 88' lang='lat' dir='ltr'>mutatio</span> 
     </span>
     <span class='ocr_line' id='line_1_8' title="bbox 164 1186 1406 1270; baseline -0.002 -16"><span class='ocrx_word' id='word_1_57' title='bbox 164 1189 296 1254; x_wconf 86' lang='lat' dir='ltr'>illafact</span> <span class='ocrx_word' id='word_1_58' title='bbox 297 1207 314 1254; x_wconf 90' lang='lat' dir='ltr'>a</span> <span class='ocrx_word' id='word_1_59' title='bbox 328 1189 492 1270; x_wconf 78' lang='lat' dir='ltr'>astatque</span> <span class='ocrx_word' id='word_1_60' title='bbox 503 1189 540 1252; x_wconf 93' lang='lat' dir='ltr'>ut</span> <span class='ocrx_word' id='word_1_61' title='bbox 552 1187 677 1252; x_wconf 87' lang='lat' dir='ltr'>saeculo</span> <span class='ocrx_word' id='word_1_62' title='bbox 690 1187 798 1270; x_wconf 90' lang='lat' dir='ltr'>quinto</span> <span class='ocrx_word' id='word_1_63' title='bbox 811 1188 882 1267; x_wconf 87' lang='lat' dir='ltr'>poet</span> <span class='ocrx_word' id='word_1_64' title='bbox 883 1203 919 1250; x_wconf 92' lang='lat' dir='ltr'>ae</span> <span class='ocrx_word' id='word_1_65' title='bbox 929 1186 1044 1268; x_wconf 76' lang='lat' dir='ltr'>tragici</span> <span class='ocrx_word' id='word_1_66' title='bbox 1057 1186 1119 1252; x_wconf 92' lang='lat' dir='ltr'>sibi</span> <span class='ocrx_word' id='word_1_67' title='bbox 1132 1189 1285 1269; x_wconf 89' lang='lat' dir='ltr'>optimum</span> <span class='ocrx_word' id='word_1_68' title='bbox 1298 1205 1406 1269; x_wconf 92' lang='lat' dir='ltr'>quem-</span> 
     </span>
     <span class='ocr_line' id='line_1_9' title="bbox 164 1286 1482 1378; baseline -0.005 -20"><span class='ocrx_word' id='word_1_69' title='bbox 164 1311 225 1376; x_wconf 91' lang='lat' dir='ltr'>que</span> <span class='ocrx_word' id='word_1_70' title='bbox 249 1291 434 1358; x_wconf 79' lang='lat' dir='ltr'>histrionem</span> <span class='ocrx_word' id='word_1_71' title='bbox 458 1289 696 1366; x_wconf 87' lang='lat' dir='ltr'>devinciebant,</span> <span class='ocrx_word' id='word_1_72' title='bbox 731 1291 775 1354; x_wconf 88' lang='lat' dir='ltr'>sic</span> <span class='ocrx_word' id='word_1_73' title='bbox 799 1286 1010 1352; x_wconf 82' lang='lat' dir='ltr'>Philoxenum</span> <span class='ocrx_word' id='word_1_74' title='bbox 1033 1287 1306 1372; x_wconf 85' lang='lat' dir='ltr'>dithyramborum</span> <span class='ocrx_word' id='word_1_75' title='bbox 1328 1309 1406 1372; x_wconf 81' lang='lat' dir='ltr'>poe·</span> <span class='ocrx_word' id='word_1_76' title='bbox 1480 1374 1482 1378; x_wconf 13' lang='grc' dir='ltr'><strong><em>ι</em></strong></span> 
     </span>
     <span class='ocr_line' id='line_1_10' title="bbox 101 1383 1409 1477; baseline -0.002 -16"><span class='ocrx_word' id='word_1_77' title='bbox 101 1383 103 1386; x_wconf 50' lang='grc'>’</span> <span class='ocrx_word' id='word_1_78' title='bbox 164 1401 234 1461; x_wconf 86' lang='lat' dir='ltr'>tam</span> <span class='ocrx_word' id='word_1_79' title='bbox 259 1397 383 1462; x_wconf 90' lang='lat' dir='ltr'>saeculo</span> <span class='ocrx_word' id='word_1_80' title='bbox 406 1395 513 1477; x_wconf 91' lang='lat' dir='ltr'>quinto</span> <span class='ocrx_word' id='word_1_81' title='bbox 545 1397 676 1458; x_wconf 83' lang='lat' dir='ltr'>exeunte</span> <span class='ocrx_word' id='word_1_82' title='bbox 707 1391 766 1458; x_wconf 87' lang='lat' dir='ltr'>sibi</span> <span class='ocrx_word' id='word_1_83' title='bbox 790 1391 1016 1474; x_wconf 80' lang='lat' dir='ltr'>Antigenidam</span> <span class='ocrx_word' id='word_1_84' title='bbox 1039 1393 1202 1458; x_wconf 86' lang='lat' dir='ltr'>tibicinem</span> <span class='ocrx_word' id='word_1_85' title='bbox 1224 1393 1409 1458; x_wconf 85' lang='lat' dir='ltr'>adiunxisse</span> 
     </span>
     <span class='ocr_line' id='line_1_11' title="bbox 166 1494 1409 1580; baseline -0.003 -16"><span class='ocrx_word' id='word_1_86' title='bbox 166 1496 328 1580; x_wconf 77' lang='lat' dir='ltr'>scimus¹).</span> <span class='ocrx_word' id='word_1_87' title='bbox 373 1500 519 1578; x_wconf 88' lang='lat' dir='ltr'>quartum</span> <span class='ocrx_word' id='word_1_88' title='bbox 551 1497 659 1560; x_wconf 88' lang='lat' dir='ltr'>deinde</span> <span class='ocrx_word' id='word_1_89' title='bbox 688 1494 861 1580; x_wconf 86' lang='lat' dir='ltr'>¹saeculum</span> <span class='ocrx_word' id='word_1_90' title='bbox 882 1515 918 1560; x_wconf 91' lang='lat' dir='ltr'>ea</span> <span class='ocrx_word' id='word_1_91' title='bbox 945 1495 1006 1560; x_wconf 88' lang='lat' dir='ltr'>fuit</span> <span class='ocrx_word' id='word_1_92' title='bbox 1035 1497 1138 1578; x_wconf 89' lang='lat' dir='ltr'>aetas,</span> <span class='ocrx_word' id='word_1_93' title='bbox 1172 1516 1233 1579; x_wconf 90' lang='lat' dir='ltr'>qua</span> <span class='ocrx_word' id='word_1_94' title='bbox 1256 1497 1409 1562; x_wconf 74' lang='lat' dir='ltr'>tibicines</span> 
     </span>
     <span class='ocr_line' id='line_1_12' title="bbox 165 1597 1409 1684; baseline -0.002 -18"><span class='ocrx_word' id='word_1_95' title='bbox 165 1599 411 1684; x_wconf 84' lang='lat' dir='ltr'>praeclarissimi</span> <span class='ocrx_word' id='word_1_96' title='bbox 434 1599 622 1662; x_wconf 91' lang='lat' dir='ltr'>floruerunt:</span> <span class='ocrx_word' id='word_1_97' title='bbox 651 1597 863 1681; x_wconf 84' lang='lat' dir='ltr'>Antigenidas</span> <span class='ocrx_word' id='word_1_98' title='bbox 887 1597 980 1662; x_wconf 89' lang='lat' dir='ltr'>Dorio</span> <span class='ocrx_word' id='word_1_99' title='bbox 1003 1597 1195 1682; x_wconf 79' lang='lat' dir='ltr'>Telephanes</span> <span class='ocrx_word' id='word_1_100' title='bbox 1219 1599 1409 1665; x_wconf 84' lang='lat' dir='ltr'>Timotheus</span> 
     </span>
     <span class='ocr_line' id='line_1_13' title="bbox 165 1701 715 1783; baseline -0.015 -13"><span class='ocrx_word' id='word_1_101' title='bbox 165 1705 263 1770; x_wconf 83' lang='lat' dir='ltr'>Euius</span> <span class='ocrx_word' id='word_1_102' title='bbox 287 1705 438 1768; x_wconf 86' lang='lat' dir='ltr'>Ismenias</span> <span class='ocrx_word' id='word_1_103' title='bbox 463 1701 626 1783; x_wconf 81' lang='lat' dir='ltr'>Cephisias</span> <span class='ocrx_word' id='word_1_104' title='bbox 651 1701 715 1764; x_wconf 92' lang='lat' dir='ltr'>alii.</span> 
     </span>
    </p>

    <p class='ocr_par' dir='ltr' id='par_1_5' title="bbox 163 1803 1524 3946">
     <span class='ocr_line' id='line_1_14' title="bbox 268 1803 1407 1886; baseline -0.003 -15"><span class='ocrx_word' id='word_1_105' title='bbox 268 1807 387 1872; x_wconf 83' lang='lat' dir='ltr'>llodem</span> <span class='ocrx_word' id='word_1_106' title='bbox 416 1809 521 1870; x_wconf 90' lang='lat' dir='ltr'>autem</span> <span class='ocrx_word' id='word_1_107' title='bbox 551 1803 659 1878; x_wconf 92' lang='lat' dir='ltr'>modo,</span> <span class='ocrx_word' id='word_1_108' title='bbox 699 1819 759 1884; x_wconf 94' lang='lat' dir='ltr'>quo</span> <span class='ocrx_word' id='word_1_109' title='bbox 782 1803 885 1867; x_wconf 91' lang='lat' dir='ltr'>medio</span> <span class='ocrx_word' id='word_1_110' title='bbox 908 1805 1033 1868; x_wconf 89' lang='lat' dir='ltr'>saeculo</span> <span class='ocrx_word' id='word_1_111' title='bbox 1056 1809 1166 1886; x_wconf 89' lang='lat' dir='ltr'>quarto</span> <span class='ocrx_word' id='word_1_112' title='bbox 1200 1805 1233 1869; x_wconf 89' lang='lat' dir='ltr'>in</span> <span class='ocrx_word' id='word_1_113' title='bbox 1256 1807 1407 1870; x_wconf 86' lang='lat' dir='ltr'>commis-</span> 
     </span>
     <span class='ocr_line' id='line_1_15' title="bbox 164 1901 1406 1990; baseline -0.001 -16"><span class='ocrx_word' id='word_1_114' title='bbox 164 1909 306 1976; x_wconf 84' lang='lat' dir='ltr'>sionibus</span> <span class='ocrx_word' id='word_1_115' title='bbox 329 1909 459 1990; x_wconf 87' lang='lat' dir='ltr'>tragicis</span> <span class='ocrx_word' id='word_1_116' title='bbox 482 1907 607 1988; x_wconf 89' lang='lat' dir='ltr'>praeter</span> <span class='ocrx_word' id='word_1_117' title='bbox 630 1922 726 1970; x_wconf 88' lang='lat' dir='ltr'>noras</span> <span class='ocrx_word' id='word_1_118' title='bbox 743 1901 868 1970; x_wconf 84' lang='lat' dir='ltr'>fabulas</span> <span class='ocrx_word' id='word_1_119' title='bbox 884 1905 1099 1988; x_wconf 87' lang='lat' dir='ltr'>antiquiorum</span> <span class='ocrx_word' id='word_1_120' title='bbox 1115 1912 1276 1989; x_wconf 90' lang='lat' dir='ltr'>poetarum</span> <span class='ocrx_word' id='word_1_121' title='bbox 1295 1907 1406 1973; x_wconf 81' lang='lat' dir='ltr'>fabula</span> 
     </span>
     <span class='ocr_line' id='line_1_16' title="bbox 165 2007 1405 2103; baseline -0.002 -27"><span class='ocrx_word' id='word_1_122' title='bbox 165 2012 326 2094; x_wconf 90' lang='lat' dir='ltr'>quaedam</span> <span class='ocrx_word' id='word_1_123' title='bbox 356 2010 389 2072; x_wconf 93' lang='lat' dir='ltr'>in</span> <span class='ocrx_word' id='word_1_124' title='bbox 427 2026 574 2073; x_wconf 86' lang='lat' dir='ltr'>scaenam</span> <span class='ocrx_word' id='word_1_125' title='bbox 612 2007 883 2086; x_wconf 88' lang='lat' dir='ltr'>committebatur,</span> <span class='ocrx_word' id='word_1_126' title='bbox 929 2007 1015 2072; x_wconf 90' lang='lat' dir='ltr'>chori</span> <span class='ocrx_word' id='word_1_127' title='bbox 1054 2026 1174 2103; x_wconf 86' lang='lat' dir='ltr'>quoque</span> <span class='ocrx_word' id='word_1_128' title='bbox 1210 2009 1302 2092; x_wconf 83' lang='lat' dir='ltr'>lyrici</span> <span class='ocrx_word' id='word_1_129' title='bbox 1341 2028 1405 2074; x_wconf 93' lang='lat' dir='ltr'>non</span> 
     </span>
     <span class='ocr_line' id='line_1_17' title="bbox 166 2090 1466 2216; baseline 0 -37"><span class='ocrx_word' id='word_1_130' title='bbox 166 2114 256 2179; x_wconf 86' lang='lat' dir='ltr'>novis</span> <span class='ocrx_word' id='word_1_131' title='bbox 287 2131 413 2216; x_wconf 88' lang='lat' dir='ltr'>sempor</span> <span class='ocrx_word' id='word_1_132' title='bbox 447 2109 637 2175; x_wconf 86' lang='lat' dir='ltr'>carminibus</span> <span class='ocrx_word' id='word_1_133' title='bbox 671 2107 832 2190; x_wconf 89' lang='lat' dir='ltr'>modisque</span> <span class='ocrx_word' id='word_1_134' title='bbox 868 2111 995 2175; x_wconf 90' lang='lat' dir='ltr'>musicis</span> <span class='ocrx_word' id='word_1_135' title='bbox 1024 2111 1199 2190; x_wconf 88' lang='lat' dir='ltr'>certabant,</span> <span class='ocrx_word' id='word_1_136' title='bbox 1234 2090 1466 2179; x_wconf 51' lang='lat' dir='ltr'>seems-*¹</span> <span class='ocrx_word' id='word_1_137' title='bbox 1457 2159 1458 2164; x_wconf 22' lang='grc' dir='ltr'>ι</span> 
     </span>
     <span class='ocr_line' id='line_1_18' title="bbox 165 2195 1452 2314; baseline 0 -32"><span class='ocrx_word' id='word_1_138' title='bbox 165 2207 307 2300; x_wconf 79' lang='lat' dir='ltr'>quior&#39;iiin</span> <span class='ocrx_word' id='word_1_139' title='bbox 342 2210 463 2314; x_wconf 86' lang='lat' dir='ltr'>quoqne</span> <span class='ocrx_word' id='word_1_140' title='bbox 497 2214 660 2296; x_wconf 89' lang='lat' dir='ltr'>poetarum</span> <span class='ocrx_word' id='word_1_141' title='bbox 696 2212 726 2300; x_wconf 91' lang='lat' dir='ltr'>di</span> <span class='ocrx_word' id='word_1_142' title='bbox 730 2211 912 2295; x_wconf 80' lang='lat' dir='ltr'>thyrambos</span> <span class='ocrx_word' id='word_1_143' title='bbox 938 2213 1132 2296; x_wconf 89' lang='lat' dir='ltr'>repetebant.</span> <span class='ocrx_word' id='word_1_144' title='bbox 1171 2195 1407 2284; x_wconf 84' lang='lat' dir='ltr'>aiLucianus</span> <span class='ocrx_word' id='word_1_145' title='bbox 1451 2217 1452 2224; x_wconf 76' lang='grc'>’</span> 
     </span>
     <span class='ocr_line' id='line_1_19' title="bbox 166 2303 1524 2406; baseline -0.001 -20"><span class='ocrx_word' id='word_1_146' title='bbox 166 2317 288 2406; x_wconf 74' lang='lat' dir='ltr'>(Hanni.</span> <span class='ocrx_word' id='word_1_147' title='bbox 309 2320 338 2398; x_wconf 86' lang='lat'>1)</span> <span class='ocrx_word' id='word_1_148' title='bbox 362 2303 585 2382; x_wconf 82' lang='lat' dir='ltr'>Harmonid&#39;em</span> <span class='ocrx_word' id='word_1_149' title='bbox 609 2315 647 2379; x_wconf 92' lang='lat' dir='ltr'>de</span> <span class='ocrx_word' id='word_1_150' title='bbox 669 2303 777 2379; x_wconf 84' lang='lat' dir='ltr'>Timet</span> <span class='ocrx_word' id='word_1_151' title='bbox 765 2313 845 2381; x_wconf 89' lang='lat' dir='ltr'>thei</span> <span class='ocrx_word' id='word_1_152' title='bbox 852 2314 992 2381; x_wconf 89' lang='lat' dir='ltr'>Thebani</span> <span class='ocrx_word' id='word_1_153' title='bbox 1016 2317 1118 2400; x_wconf 91' lang='lat' dir='ltr'>prima</span> <span class='ocrx_word' id='word_1_154' title='bbox 1141 2319 1282 2398; x_wconf 83' lang='lat' dir='ltr'>victoria,</span> <span class='ocrx_word' id='word_1_155' title='bbox 1308 2339 1404 2402; x_wconf 90' lang='lat' dir='ltr'>quam</span> <span class='ocrx_word' id='word_1_156' title='bbox 1475 2344 1477 2352; x_wconf 37' lang='grc' dir='ltr'>ι</span> <span class='ocrx_word' id='word_1_157' title='bbox 1521 2401 1524 2406; x_wconf 19' lang='grc'>1</span> 
     </span>
     <span class='ocr_line' id='line_1_20' title="bbox 163 2419 1518 2504; baseline -0.001 -12"><span class='ocrx_word' id='word_1_158' title='bbox 163 2426 191 2492; x_wconf 92' lang='lat' dir='ltr'>is</span> <span class='ocrx_word' id='word_1_159' title='bbox 211 2425 312 2490; x_wconf 91' lang='lat' dir='ltr'>medio</span> <span class='ocrx_word' id='word_1_160' title='bbox 336 2425 457 2488; x_wconf 90' lang='lat' dir='ltr'>saeculo</span> <span class='ocrx_word' id='word_1_161' title='bbox 489 2423 601 2504; x_wconf 90' lang='lat' dir='ltr'>quarto</span> <span class='ocrx_word' id='word_1_162' title='bbox 630 2421 818 2502; x_wconf 88' lang='lat' dir='ltr'>reportavit,</span> <span class='ocrx_word' id='word_1_163' title='bbox 859 2420 934 2484; x_wconf 89' lang='lat' dir='ltr'>haec</span> <span class='ocrx_word' id='word_1_164' title='bbox 967 2419 1124 2486; x_wconf 87' lang='lat' dir='ltr'>dicentem</span> <span class='ocrx_word' id='word_1_165' title='bbox 1158 2422 1251 2489; x_wconf 87' lang='lat' dir='ltr'>facit:</span> <span class='ocrx_word' id='word_1_166' title='bbox 1286 2424 1405 2504; x_wconf 89' lang='grc' dir='ltr'>ὥσπερ</span> <span class='ocrx_word' id='word_1_167' title='bbox 1515 2424 1518 2430; x_wconf 72' lang='lat'><em>‘</em></span> 
     </span>
     <span class='ocr_line' id='line_1_21' title="bbox 165 2523 1408 2603; baseline 0 -10"><span class='ocrx_word' id='word_1_168' title='bbox 165 2527 220 2594; x_wconf 85' lang='grc' dir='ltr'>ὅτε</span> <span class='ocrx_word' id='word_1_169' title='bbox 247 2529 298 2592; x_wconf 84' lang='grc' dir='ltr'>καὶ</span> <span class='ocrx_word' id='word_1_170' title='bbox 329 2527 389 2602; x_wconf 76' lang='grc' dir='ltr'>σύ,</span> <span class='ocrx_word' id='word_1_171' title='bbox 424 2524 626 2603; x_wconf 77' lang='grc' dir='ltr'>ὠΤιμόθεε,</span> <span class='ocrx_word' id='word_1_172' title='bbox 664 2524 702 2586; x_wconf 91' lang='grc' dir='ltr'>τὸ</span> <span class='ocrx_word' id='word_1_173' title='bbox 731 2530 863 2601; x_wconf 83' lang='grc' dir='ltr'>πρῶτον</span> <span class='ocrx_word' id='word_1_174' title='bbox 893 2523 996 2587; x_wconf 88' lang='grc' dir='ltr'>ἐλθὼν</span> <span class='ocrx_word' id='word_1_175' title='bbox 1025 2523 1152 2588; x_wconf 82' lang='grc' dir='ltr'>οἴκοθεν</span> <span class='ocrx_word' id='word_1_176' title='bbox 1183 2526 1217 2589; x_wconf 87' lang='grc' dir='ltr'>ἐκ</span> <span class='ocrx_word' id='word_1_177' title='bbox 1247 2527 1408 2594; x_wconf 73' lang='grc' dir='ltr'>Βοιωτίας</span> 
     </span>
     <span class='ocr_line' id='line_1_22' title="bbox 164 2615 1408 2710; baseline 0 -16"><span class='ocrx_word' id='word_1_178' title='bbox 164 2631 353 2709; x_wconf 80' lang='grc' dir='ltr'>ὑπηύλησας</span> <span class='ocrx_word' id='word_1_179' title='bbox 382 2631 419 2709; x_wconf 85' lang='grc' dir='ltr'>τῇ</span> <span class='ocrx_word' id='word_1_180' title='bbox 443 2627 630 2691; x_wconf 88' lang='grc' dir='ltr'>Πανδιονίδι</span> <span class='ocrx_word' id='word_1_181' title='bbox 663 2627 713 2689; x_wconf 89' lang='grc' dir='ltr'>καὶ</span> <span class='ocrx_word' id='word_1_182' title='bbox 749 2626 900 2701; x_wconf 80' lang='grc' dir='ltr'>ἐνίκησας</span> <span class='ocrx_word' id='word_1_183' title='bbox 930 2626 964 2689; x_wconf 89' lang='grc' dir='ltr'>ἐν</span> <span class='ocrx_word' id='word_1_184' title='bbox 991 2631 1036 2710; x_wconf 83' lang='grc' dir='ltr'>τῷ</span> <span class='ocrx_word' id='word_1_185' title='bbox 1058 2625 1165 2692; x_wconf 84' lang='grc' dir='ltr'>Αἴαντι</span> <span class='ocrx_word' id='word_1_186' title='bbox 1194 2635 1239 2709; x_wconf 78' lang='grc' dir='ltr'>τῷ</span> <span class='ocrx_word' id='word_1_187' title='bbox 1266 2615 1408 2708; x_wconf 40' lang='grc' dir='ltr'>ἐμμανεῑμ</span> 
     </span>
     <span class='ocr_line' id='line_1_23' title="bbox 165 2729 1403 2810; baseline 0.002 -15"><span class='ocrx_word' id='word_1_188' title='bbox 165 2737 235 2798; x_wconf 81' lang='grc' dir='ltr'>τοῦ</span> <span class='ocrx_word' id='word_1_189' title='bbox 259 2731 474 2810; x_wconf 88' lang='grc' dir='ltr'>ὁμωνύμου</span> <span class='ocrx_word' id='word_1_190' title='bbox 493 2745 547 2793; x_wconf 93' lang='grc' dir='ltr'>σοι</span> <span class='ocrx_word' id='word_1_191' title='bbox 562 2729 814 2805; x_wconf 78' lang='grc' dir='ltr'>ποιήσαντος</span> <span class='ocrx_word' id='word_1_192' title='bbox 830 2729 873 2792; x_wconf 91' lang='grc' dir='ltr'>τὸ</span> <span class='ocrx_word' id='word_1_193' title='bbox 893 2731 1028 2807; x_wconf 76' lang='grc' dir='ltr'>μέλος,</span> <span class='ocrx_word' id='word_1_194' title='bbox 1052 2730 1159 2794; x_wconf 81' lang='grc' dir='ltr'>οὐδείς</span> <span class='ocrx_word' id='word_1_195' title='bbox 1175 2729 1224 2808; x_wconf 83' lang='grc' dir='ltr'>ἦν,</span> <span class='ocrx_word' id='word_1_196' title='bbox 1241 2731 1279 2796; x_wconf 79' lang='grc' dir='ltr'>ὃς</span> <span class='ocrx_word' id='word_1_197' title='bbox 1296 2733 1403 2810; x_wconf 88' lang='grc' dir='ltr'>ἠγνόει</span> 
     </span>
     <span class='ocr_line' id='line_1_24' title="bbox 166 2830 1403 2911; baseline 0.001 -13"><span class='ocrx_word' id='word_1_198' title='bbox 166 2835 308 2911; x_wconf 85' lang='grc' dir='ltr'>τοῦνομα</span> <span class='ocrx_word' id='word_1_199' title='bbox 330 2830 489 2910; x_wconf 86' lang='grc' dir='ltr'>Τιμοθέου</span> <span class='ocrx_word' id='word_1_200' title='bbox 519 2833 554 2894; x_wconf 83' lang='grc' dir='ltr'>ἐκ</span> <span class='ocrx_word' id='word_1_201' title='bbox 588 2832 710 2908; x_wconf 78' lang='grc' dir='ltr'>θηβιῖιν.</span> <span class='ocrx_word' id='word_1_202' title='bbox 751 2830 908 2894; x_wconf 87' lang='lat' dir='ltr'>ueteribus</span> <span class='ocrx_word' id='word_1_203' title='bbox 943 2831 1049 2894; x_wconf 88' lang='lat' dir='ltr'>autem</span> <span class='ocrx_word' id='word_1_204' title='bbox 1072 2832 1264 2897; x_wconf 88' lang='lat' dir='ltr'>carminibus</span> <span class='ocrx_word' id='word_1_205' title='bbox 1288 2834 1403 2899; x_wconf 89' lang='lat' dir='ltr'>tibicen</span> 
     </span>
     <span class='ocr_line' id='line_1_25' title="bbox 169 2932 1406 3014; baseline 0 -13"><span class='ocrx_word' id='word_1_206' title='bbox 169 2937 300 3001; x_wconf 83' lang='lat' dir='ltr'>fortasse</span> <span class='ocrx_word' id='word_1_207' title='bbox 323 2950 559 3014; x_wconf 91' lang='lat' dir='ltr'>nonnumquam</span> <span class='ocrx_word' id='word_1_208' title='bbox 582 2949 679 2996; x_wconf 87' lang='lat' dir='ltr'>noros</span> <span class='ocrx_word' id='word_1_209' title='bbox 704 2933 809 2995; x_wconf 91' lang='lat' dir='ltr'>modos</span> <span class='ocrx_word' id='word_1_210' title='bbox 833 2932 973 2995; x_wconf 91' lang='lat' dir='ltr'>accinere</span> <span class='ocrx_word' id='word_1_211' title='bbox 997 2935 1053 2996; x_wconf 91' lang='lat' dir='ltr'>aut</span> <span class='ocrx_word' id='word_1_212' title='bbox 1068 2936 1190 2998; x_wconf 83' lang='lat' dir='ltr'>veteres</span> <span class='ocrx_word' id='word_1_213' title='bbox 1214 2953 1249 2998; x_wconf 87' lang='lat' dir='ltr'>ex</span> <span class='ocrx_word' id='word_1_214' title='bbox 1273 2937 1406 3002; x_wconf 88' lang='lat' dir='ltr'>arbitrio</span> 
     </span>
     <span class='ocr_line' id='line_1_26' title="bbox 166 3033 1408 3120; baseline 0.001 -16"><span class='ocrx_word' id='word_1_215' title='bbox 166 3057 221 3104; x_wconf 89' lang='lat' dir='ltr'>suo</span> <span class='ocrx_word' id='word_1_216' title='bbox 245 3035 438 3119; x_wconf 86' lang='lat' dir='ltr'>amplificare</span> <span class='ocrx_word' id='word_1_217' title='bbox 460 3035 591 3116; x_wconf 89' lang='lat' dir='ltr'>poterat.</span> <span class='ocrx_word' id='word_1_218' title='bbox 623 3051 701 3116; x_wconf 92' lang='lat' dir='ltr'>quae</span> <span class='ocrx_word' id='word_1_219' title='bbox 724 3053 793 3098; x_wconf 90' lang='lat' dir='ltr'>cum</span> <span class='ocrx_word' id='word_1_220' title='bbox 817 3033 864 3098; x_wconf 90' lang='lat' dir='ltr'>ita</span> <span class='ocrx_word' id='word_1_221' title='bbox 888 3037 1001 3112; x_wconf 92' lang='lat' dir='ltr'>essent,</span> <span class='ocrx_word' id='word_1_222' title='bbox 1030 3034 1114 3100; x_wconf 90' lang='lat' dir='ltr'>chori</span> <span class='ocrx_word' id='word_1_223' title='bbox 1138 3037 1305 3120; x_wconf 86' lang='lat' dir='ltr'>magistros</span> <span class='ocrx_word' id='word_1_224' title='bbox 1330 3059 1408 3106; x_wconf 89' lang='lat' dir='ltr'>auc-</span> 
     </span>
     <span class='ocr_line' id='line_1_27' title="bbox 166 3137 1402 3216; baseline 0.001 -9.011"><span class='ocrx_word' id='word_1_225' title='bbox 166 3143 293 3207; x_wconf 90' lang='lat' dir='ltr'>toritate</span> <span class='ocrx_word' id='word_1_226' title='bbox 263 3137 506 3204; x_wconf 89' lang='lat' dir='ltr'>ttibicinibus</span> <span class='ocrx_word' id='word_1_227' title='bbox 537 3137 681 3203; x_wconf 84' lang='lat' dir='ltr'>cessisse</span> <span class='ocrx_word' id='word_1_228' title='bbox 673 3139 934 3202; x_wconf 86' lang='lat' dir='ltr'>consentaneum</span> <span class='ocrx_word' id='word_1_229' title='bbox 966 3140 1049 3216; x_wconf 90' lang='lat' dir='ltr'>erat,</span> <span class='ocrx_word' id='word_1_230' title='bbox 1083 3158 1155 3203; x_wconf 90' lang='lat' dir='ltr'>oum</span> <span class='ocrx_word' id='word_1_231' title='bbox 1178 3141 1262 3205; x_wconf 90' lang='lat' dir='ltr'>euim</span> <span class='ocrx_word' id='word_1_232' title='bbox 1284 3141 1402 3210; x_wconf 85' lang='lat' dir='ltr'>tibicen</span> 
     </span>
     <span class='ocr_line' id='line_1_28' title="bbox 166 3241 1465 3329; baseline 0.003 -19"><span class='ocrx_word' id='word_1_233' title='bbox 166 3244 303 3329; x_wconf 86' lang='lat' dir='ltr'>primurn</span> <span class='ocrx_word' id='word_1_234' title='bbox 327 3244 482 3309; x_wconf 89' lang='lat' dir='ltr'>obtineret</span> <span class='ocrx_word' id='word_1_235' title='bbox 504 3245 606 3308; x_wconf 87' lang='lat' dir='ltr'>locum</span> <span class='ocrx_word' id='word_1_236' title='bbox 630 3259 729 3323; x_wconf 90' lang='lat' dir='ltr'>neque</span> <span class='ocrx_word' id='word_1_237' title='bbox 752 3241 818 3306; x_wconf 90' lang='lat' dir='ltr'>eius</span> <span class='ocrx_word' id='word_1_238' title='bbox 836 3261 949 3306; x_wconf 90' lang='lat' dir='ltr'>nomen</span> <span class='ocrx_word' id='word_1_239' title='bbox 972 3241 1119 3323; x_wconf 89' lang='lat' dir='ltr'>cuiqnam</span> <span class='ocrx_word' id='word_1_240' title='bbox 1143 3249 1224 3310; x_wconf 89' lang='lat' dir='ltr'>esset</span> <span class='ocrx_word' id='word_1_241' title='bbox 1246 3246 1407 3328; x_wconf 88' lang='lat' dir='ltr'>ignotum,</span> <span class='ocrx_word' id='word_1_242' title='bbox 1463 3275 1465 3295; x_wconf 61' lang='grc' dir='ltr'>ι</span> 
     </span>
     <span class='ocr_line' id='line_1_29' title="bbox 165 3345 1401 3431; baseline 0.001 -17"><span class='ocrx_word' id='word_1_243' title='bbox 165 3349 377 3424; x_wconf 82' lang='grc' dir='ltr'>διδάσκαλος,</span> <span class='ocrx_word' id='word_1_244' title='bbox 402 3364 462 3428; x_wconf 92' lang='lat' dir='ltr'>quo</span> <span class='ocrx_word' id='word_1_245' title='bbox 486 3347 612 3410; x_wconf 89' lang='lat' dir='ltr'>nomine</span> <span class='ocrx_word' id='word_1_246' title='bbox 635 3345 700 3410; x_wconf 91' lang='lat' dir='ltr'>iam</span> <span class='ocrx_word' id='word_1_247' title='bbox 723 3364 784 3410; x_wconf 92' lang='lat' dir='ltr'>non</span> <span class='ocrx_word' id='word_1_248' title='bbox 808 3347 916 3428; x_wconf 89' lang='lat' dir='ltr'>poeta,</span> <span class='ocrx_word' id='word_1_249' title='bbox 939 3345 993 3410; x_wconf 90' lang='lat' dir='ltr'>sed</span> <span class='ocrx_word' id='word_1_250' title='bbox 1016 3346 1170 3429; x_wconf 89' lang='lat' dir='ltr'>magister</span> <span class='ocrx_word' id='word_1_251' title='bbox 1193 3348 1280 3414; x_wconf 91' lang='lat' dir='ltr'>chori</span> <span class='ocrx_word' id='word_1_252' title='bbox 1303 3349 1401 3431; x_wconf 85' lang='lat' dir='ltr'>sigui-</span> 
     </span>
     <span class='ocr_line' id='line_1_30' title="bbox 164 3448 1402 3536; baseline 0.001 -19"><span class='ocrx_word' id='word_1_253' title='bbox 164 3451 326 3534; x_wconf 87' lang='lat' dir='ltr'>fioabatur‚</span> <span class='ocrx_word' id='word_1_254' title='bbox 350 3468 406 3532; x_wconf 94' lang='lat' dir='ltr'>pro</span> <span class='ocrx_word' id='word_1_255' title='bbox 422 3448 568 3514; x_wconf 87' lang='lat' dir='ltr'>ministro</span> <span class='ocrx_word' id='word_1_256' title='bbox 590 3449 716 3513; x_wconf 87' lang='lat' dir='ltr'>tantum</span> <span class='ocrx_word' id='word_1_257' title='bbox 739 3448 864 3532; x_wconf 87' lang='lat' dir='ltr'>choragi</span> <span class='ocrx_word' id='word_1_258' title='bbox 878 3449 1061 3514; x_wconf 90' lang='lat' dir='ltr'>habebatur.</span> <span class='ocrx_word' id='word_1_259' title='bbox 1074 3451 1323 3530; x_wconf 82' lang='lat' dir='ltr'>Demosthenes,</span> <span class='ocrx_word' id='word_1_260' title='bbox 1348 3455 1402 3536; x_wconf 88' lang='lat' dir='ltr'>qui</span> 
     </span>
     <span class='ocr_line' id='line_1_31' title="bbox 165 3551 1405 3636; baseline 0.002 -16"><span class='ocrx_word' id='word_1_261' title='bbox 165 3574 244 3620; x_wconf 89' lang='lat' dir='ltr'>anno</span> <span class='ocrx_word' id='word_1_262' title='bbox 259 3553 323 3618; x_wconf 81' lang='lat'>350</span> <span class='ocrx_word' id='word_1_263' title='bbox 346 3554 471 3636; x_wconf 92' lang='lat' dir='ltr'>choragi</span> <span class='ocrx_word' id='word_1_264' title='bbox 488 3570 613 3618; x_wconf 91' lang='lat' dir='ltr'>munere</span> <span class='ocrx_word' id='word_1_265' title='bbox 637 3551 762 3617; x_wconf 86' lang='lat' dir='ltr'>iunctus</span> <span class='ocrx_word' id='word_1_266' title='bbox 786 3556 862 3632; x_wconf 91' lang='lat' dir='ltr'>erat,</span> <span class='ocrx_word' id='word_1_267' title='bbox 880 3551 1078 3636; x_wconf 79' lang='lat' dir='ltr'>lucratione,</span> <span class='ocrx_word' id='word_1_268' title='bbox 1102 3571 1196 3635; x_wconf 90' lang='lat' dir='ltr'>quam</span> <span class='ocrx_word' id='word_1_269' title='bbox 1220 3556 1252 3618; x_wconf 93' lang='lat' dir='ltr'>in</span> <span class='ocrx_word' id='word_1_270' title='bbox 1267 3555 1405 3622; x_wconf 86' lang='lat' dir='ltr'>Midiam</span> 
     </span>
     <span class='ocr_line' id='line_1_32' title="bbox 165 3653 1486 3743; baseline 0.003 -24"><span class='ocrx_word' id='word_1_271' title='bbox 165 3656 287 3734; x_wconf 88' lang='lat' dir='ltr'>habuit,</span> <span class='ocrx_word' id='word_1_272' title='bbox 311 3657 499 3739; x_wconf 89' lang='lat' dir='ltr'>magistrum</span> <span class='ocrx_word' id='word_1_273' title='bbox 520 3656 604 3720; x_wconf 91' lang='lat' dir='ltr'>chori</span> <span class='ocrx_word' id='word_1_274' title='bbox 619 3657 780 3720; x_wconf 90' lang='lat' dir='ltr'>nominare</span> <span class='ocrx_word' id='word_1_275' title='bbox 796 3672 907 3736; x_wconf 91' lang='lat' dir='ltr'>operae</span> <span class='ocrx_word' id='word_1_276' title='bbox 931 3653 1067 3736; x_wconf 90' lang='lat' dir='ltr'>pretium</span> <span class='ocrx_word' id='word_1_277' title='bbox 1091 3673 1152 3720; x_wconf 93' lang='lat' dir='ltr'>non</span> <span class='ocrx_word' id='word_1_278' title='bbox 1169 3656 1297 3743; x_wconf 87' lang='lat' dir='ltr'>habnit;</span> <span class='ocrx_word' id='word_1_279' title='bbox 1318 3658 1400 3724; x_wconf 86' lang='lat' dir='ltr'>tibi·</span> <span class='ocrx_word' id='word_1_280' title='bbox 1468 3709 1486 3718; x_wconf 91' lang='lat'>..</span> 
     </span>
     <span class='ocr_line' id='line_1_33' title="bbox 166 3756 1400 3843; baseline 0.003 -20"><span class='ocrx_word' id='word_1_281' title='bbox 166 3758 268 3823; x_wconf 86' lang='lat' dir='ltr'>cinam</span> <span class='ocrx_word' id='word_1_282' title='bbox 281 3760 387 3822; x_wconf 93' lang='lat' dir='ltr'>autem</span> <span class='ocrx_word' id='word_1_283' title='bbox 394 3758 602 3840; x_wconf 89' lang='lat' dir='ltr'>Telephanem</span> <span class='ocrx_word' id='word_1_284' title='bbox 616 3757 780 3822; x_wconf 88' lang='lat' dir='ltr'>honorifice</span> <span class='ocrx_word' id='word_1_285' title='bbox 793 3756 1051 3820; x_wconf 83' lang='lat' dir='ltr'>commemoravit</span> <span class='ocrx_word' id='word_1_286' title='bbox 1063 3759 1094 3821; x_wconf 92' lang='lat' dir='ltr'>et</span> <span class='ocrx_word' id='word_1_287' title='bbox 1107 3757 1306 3838; x_wconf 88' lang='lat' dir='ltr'>collaudavit,</span> <span class='ocrx_word' id='word_1_288' title='bbox 1320 3765 1400 3843; x_wconf 93' lang='lat' dir='ltr'>quod</span> 
     </span>
     <span class='ocr_line' id='line_1_34' title="bbox 167 3859 1406 3946; baseline 0 -22"><span class='ocrx_word' id='word_1_289' title='bbox 167 3859 320 3944; x_wconf 85' lang='lat' dir='ltr'>magistro</span> <span class='ocrx_word' id='word_1_290' title='bbox 343 3859 480 3925; x_wconf 90' lang='lat' dir='ltr'>aMidia</span> <span class='ocrx_word' id='word_1_291' title='bbox 503 3864 646 3942; x_wconf 90' lang='lat' dir='ltr'>corrupto</span> <span class='ocrx_word' id='word_1_292' title='bbox 669 3861 737 3942; x_wconf 88' lang='lat' dir='ltr'>ipse</span> <span class='ocrx_word' id='word_1_293' title='bbox 753 3859 880 3924; x_wconf 90' lang='lat' dir='ltr'>chorum</span> <span class='ocrx_word' id='word_1_294' title='bbox 899 3861 1007 3924; x_wconf 87' lang='lat' dir='ltr'>dooere</span> <span class='ocrx_word' id='word_1_295' title='bbox 1023 3877 1084 3924; x_wconf 92' lang='lat' dir='ltr'>non</span> <span class='ocrx_word' id='word_1_296' title='bbox 1101 3861 1263 3928; x_wconf 88' lang='lat' dir='ltr'>abnuisset</span> <span class='ocrx_word' id='word_1_297' title='bbox 1281 3867 1322 3945; x_wconf 69' lang='grc' dir='ltr'>(ξ.</span> <span class='ocrx_word' id='word_1_298' title='bbox 1336 3865 1406 3946; x_wconf 77' lang='lat' dir='ltr'>ll),</span> 
     </span>
    </p>
   </div>
   <div class='ocr_carea' id='block_1_4' title="bbox 165 4107 1461 4694">
    <p class='ocr_par' dir='ltr' id='par_1_6' title="bbox 165 4107 1461 4694">
     <span class='ocr_line' id='line_1_35' title="bbox 267 4107 1404 4176; baseline 0.004 -16"><span class='ocrx_word' id='word_1_299' title='bbox 267 4111 287 4166; x_wconf 87' lang='lat'>¹)</span> <span class='ocrx_word' id='word_1_300' title='bbox 315 4107 522 4176; x_wconf 87' lang='lat' dir='ltr'>Hancqnoque</span> <span class='ocrx_word' id='word_1_301' title='bbox 549 4111 635 4176; x_wconf 91' lang='lat' dir='ltr'>legem</span> <span class='ocrx_word' id='word_1_302' title='bbox 663 4107 815 4176; x_wconf 86' lang='lat' dir='ltr'>exceptione</span> <span class='ocrx_word' id='word_1_303' title='bbox 841 4123 894 4161; x_wconf 93' lang='lat' dir='ltr'>non</span> <span class='ocrx_word' id='word_1_304' title='bbox 918 4123 1005 4162; x_wconf 88' lang='lat' dir='ltr'>carere</span> <span class='ocrx_word' id='word_1_305' title='bbox 1032 4125 1108 4162; x_wconf 89' lang='lat' dir='ltr'>nemo</span> <span class='ocrx_word' id='word_1_306' title='bbox 1131 4108 1285 4163; x_wconf 87' lang='lat' dir='ltr'>mirabitur.</span> <span class='ocrx_word' id='word_1_307' title='bbox 1315 4111 1404 4165; x_wconf 89' lang='lat' dir='ltr'>sicin</span> 
     </span>
     <span class='ocr_line' id='line_1_36' title="bbox 165 4193 1400 4266; baseline 0 -16"><span class='ocrx_word' id='word_1_308' title='bbox 165 4195 356 4264; x_wconf 83' lang='lat' dir='ltr'>epigrammate</span> <span class='ocrx_word' id='word_1_309' title='bbox 381 4193 654 4248; x_wconf 87' lang='lat' dir='ltr'>Pseudo-Simonideo</span> <span class='ocrx_word' id='word_1_310' title='bbox 682 4198 730 4248; x_wconf 83' lang='lat'>148</span> <span class='ocrx_word' id='word_1_311' title='bbox 755 4193 859 4248; x_wconf 88' lang='lat' dir='ltr'>saeculo</span> <span class='ocrx_word' id='word_1_312' title='bbox 883 4195 978 4262; x_wconf 90' lang='lat' dir='ltr'>quinto</span> <span class='ocrx_word' id='word_1_313' title='bbox 1002 4197 1175 4248; x_wconf 90' lang='lat' dir='ltr'>monumento</span> <span class='ocrx_word' id='word_1_314' title='bbox 1201 4195 1340 4266; x_wconf 87' lang='lat' dir='ltr'>choragico</span> <span class='ocrx_word' id='word_1_315' title='bbox 1359 4199 1400 4250; x_wconf 93' lang='lat' dir='ltr'>in-</span> 
     </span>
     <span class='ocr_line' id='line_1_37' title="bbox 165 4277 1407 4350; baseline 0.002 -16"><span class='ocrx_word' id='word_1_316' title='bbox 165 4281 263 4348; x_wconf 90' lang='lat' dir='ltr'>scripto</span> <span class='ocrx_word' id='word_1_317' title='bbox 276 4283 499 4334; x_wconf 88' lang='lat' dir='ltr'>commemoratur</span> <span class='ocrx_word' id='word_1_318' title='bbox 511 4277 652 4347; x_wconf 86' lang='grc' dir='ltr'>Ἀρίστων</span> <span class='ocrx_word' id='word_1_319' title='bbox 664 4281 793 4348; x_wconf 82' lang='grc' dir='ltr'>Ἀργεῖος</span> <span class='ocrx_word' id='word_1_320' title='bbox 811 4281 865 4346; x_wconf 84' lang='grc' dir='ltr'>ἡδὺ</span> <span class='ocrx_word' id='word_1_321' title='bbox 880 4285 992 4347; x_wconf 90' lang='grc' dir='ltr'>πνεύμα</span> <span class='ocrx_word' id='word_1_322' title='bbox 1004 4281 1081 4348; x_wconf 81' lang='grc' dir='ltr'>χέων</span> <span class='ocrx_word' id='word_1_323' title='bbox 1094 4284 1231 4350; x_wconf 82' lang='grc' dir='ltr'>καθαροῖς</span> <span class='ocrx_word' id='word_1_324' title='bbox 1244 4283 1276 4336; x_wconf 84' lang='grc' dir='ltr'>ἐν</span> <span class='ocrx_word' id='word_1_325' title='bbox 1290 4284 1387 4346; x_wconf 82' lang='grc' dir='ltr'>αὐλοῖς</span> <span class='ocrx_word' id='word_1_326' title='bbox 1395 4301 1407 4344; x_wconf 85' lang='grc'>;·.</span> 
     </span>
     <span class='ocr_line' id='line_1_38' title="bbox 165 4363 1121 4435; baseline 0.003 -16"><span class='ocrx_word' id='word_1_327' title='bbox 165 4366 207 4420; x_wconf 92' lang='lat' dir='ltr'>hic</span> <span class='ocrx_word' id='word_1_328' title='bbox 223 4363 310 4434; x_wconf 89' lang='lat' dir='ltr'>igitur</span> <span class='ocrx_word' id='word_1_329' title='bbox 328 4364 429 4430; x_wconf 89' lang='lat' dir='ltr'>modos,</span> <span class='ocrx_word' id='word_1_330' title='bbox 449 4365 599 4432; x_wconf 83' lang='lat' dir='ltr'>Antigenes</span> <span class='ocrx_word' id='word_1_331' title='bbox 618 4365 674 4418; x_wconf 89' lang='lat' dir='ltr'>sola</span> <span class='ocrx_word' id='word_1_332' title='bbox 691 4365 816 4418; x_wconf 89' lang='lat' dir='ltr'>carminis</span> <span class='ocrx_word' id='word_1_333' title='bbox 834 4364 914 4418; x_wconf 86' lang='lat' dir='ltr'>verba</span> <span class='ocrx_word' id='word_1_334' title='bbox 932 4371 1121 4435; x_wconf 86' lang='lat' dir='ltr'>composuerat.</span> 
     </span>
     <span class='ocr_line' id='line_1_39' title="bbox 201 4449 1451 4535; baseline 0.002 -31"><span class='ocrx_word' id='word_1_335' title='bbox 201 4466 205 4470; x_wconf 88' lang='lat'>·</span> <span class='ocrx_word' id='word_1_336' title='bbox 265 4453 285 4518; x_wconf 80' lang='lat'>¹)</span> <span class='ocrx_word' id='word_1_337' title='bbox 305 4449 379 4504; x_wconf 87' lang='lat' dir='ltr'>Suid.</span> <span class='ocrx_word' id='word_1_338' title='bbox 400 4450 593 4518; x_wconf 86' lang='grc' dir='ltr'>Ἀντιγενίδης</span> <span class='ocrx_word' id='word_1_339' title='bbox 611 4451 752 4518; x_wconf 88' lang='grc' dir='ltr'>Σατύρου,</span> <span class='ocrx_word' id='word_1_340' title='bbox 771 4453 897 4518; x_wconf 83' lang='grc' dir='ltr'>Θηβαῖος</span> <span class='ocrx_word' id='word_1_341' title='bbox 916 4455 1062 4520; x_wconf 89' lang='grc' dir='ltr'>μουσικός,</span> <span class='ocrx_word' id='word_1_342' title='bbox 1086 4455 1217 4523; x_wconf 79' lang='grc' dir='ltr'>αὐλῳδὸς</span> <span class='ocrx_word' id='word_1_343' title='bbox 1236 4456 1404 4518; x_wconf 53' lang='grc' dir='ltr'>Φιλοξένου,</span> <span class='ocrx_word' id='word_1_344' title='bbox 1448 4486 1451 4535; x_wconf 56' lang='lat'>3</span> 
     </span>
     <span class='ocr_line' id='line_1_40' title="bbox 165 4537 1404 4606; baseline 0.001 -17"><span class='ocrx_word' id='word_1_345' title='bbox 165 4537 209 4590; x_wconf 93' lang='lat' dir='ltr'>nbi</span> <span class='ocrx_word' id='word_1_346' title='bbox 232 4553 279 4606; x_wconf 90' lang='lat' dir='ltr'>pro</span> <span class='ocrx_word' id='word_1_347' title='bbox 302 4553 365 4592; x_wconf 83' lang='lat' dir='ltr'>voce</span> <span class='ocrx_word' id='word_1_348' title='bbox 391 4539 522 4606; x_wconf 85' lang='grc' dir='ltr'>αὐλῳδὸς</span> <span class='ocrx_word' id='word_1_349' title='bbox 540 4553 636 4591; x_wconf 89' lang='lat' dir='ltr'>nomen</span> <span class='ocrx_word' id='word_1_350' title='bbox 660 4539 788 4604; x_wconf 85' lang='grc' dir='ltr'>αύλητὴς</span> <span class='ocrx_word' id='word_1_351' title='bbox 805 4539 985 4606; x_wconf 89' lang='lat' dir='ltr'>reponendum</span> <span class='ocrx_word' id='word_1_352' title='bbox 1011 4556 1066 4594; x_wconf 86' lang='lat' dir='ltr'>esse</span> <span class='ocrx_word' id='word_1_353' title='bbox 1094 4541 1177 4594; x_wconf 90' lang='lat' dir='ltr'>Dinse</span> <span class='ocrx_word' id='word_1_354' title='bbox 1201 4539 1404 4594; x_wconf 55' lang='lat' dir='ltr'>demonstravit,</span> 
     </span>
     <span class='ocr_line' id='line_1_41' title="bbox 165 4609 1461 4694; baseline 0.002 -18"><span class='ocrx_word' id='word_1_355' title='bbox 165 4621 212 4690; x_wconf 89' lang='lat' dir='ltr'>(De</span> <span class='ocrx_word' id='word_1_356' title='bbox 231 4623 396 4692; x_wconf 85' lang='lat' dir='ltr'>Antigenida</span> <span class='ocrx_word' id='word_1_357' title='bbox 414 4623 542 4678; x_wconf 89' lang='lat' dir='ltr'>Thebano</span> <span class='ocrx_word' id='word_1_358' title='bbox 561 4624 662 4677; x_wconf 80' lang='lat' dir='ltr'>musico</span> <span class='ocrx_word' id='word_1_359' title='bbox 681 4623 768 4678; x_wconf 88' lang='lat' dir='ltr'>Berol.</span> <span class='ocrx_word' id='word_1_360' title='bbox 788 4625 864 4689; x_wconf 75' lang='lat'>1856,</span> <span class='ocrx_word' id='word_1_361' title='bbox 883 4641 909 4693; x_wconf 84' lang='lat' dir='ltr'>p.</span> <span class='ocrx_word' id='word_1_362' title='bbox 928 4627 982 4694; x_wconf 78' lang='grc'>39),</span> <span class='ocrx_word' id='word_1_363' title='bbox 1458 4609 1461 4622; x_wconf 58' lang='grc'><em>’</em></span> 
     </span>
    </p>
   </div>
   <div class='ocr_carea' id='block_1_5' title="bbox 0 0 1624 5112">
    <p class='ocr_par' dir='ltr' id='par_1_7' title="bbox 0 0 1624 5112">
     <span class='ocr_line' id='line_1_42' title="bbox 0 0 1624 5112; baseline 0 0"><span class='ocrx_word' id='word_1_364' title='bbox 0 0 1624 5112; x_wconf 95' lang='lat' dir='ltr'> </span> 
     </span>
    </p>
   </div>
  </div>
 </body>
</html>
