3240 5112
211 560 362 643 lerunt1).
387 560 458 624 Deli
481 559 635 625 ininsula
657 559 751 624 etiam
768 558 966 642 Polycratem
991 555 1084 640 paulo
1107 560 1179 622 ante
1203 560 1334 622 mortem
1359 576 1446 622 suam

208 681 307 745 agona
329 662 486 727 celehrare
509 661 647 728 voluisse
677 681 693 726 e
723 661 819 726 Suida
843 661 1052 742 comperimus
1076 679 1101 726 a.
1126 680 1155 726 v.
1185 661 1287 726 ταῦτά
1310 677 1364 726 σοι
1398 663 1448 726 καὶ

208 770 315 833 Πύθια
326 769 377 832 καὶ
390 766 502 844 Δήλια.
517 766 598 830 inter
611 768 728 830 ceteras
741 767 846 829 autem
860 764 980 828 insulas
992 762 1092 846 primo
1104 763 1170 854 loco
1183 762 1371 828 nominanda
1384 782 1448 827 esse

209 870 335 934 videtur
359 843 493 945 L¹eshus,
527 868 560 932 in
590 885 652 949 qua
675 867 847 934 certamina
870 871 988 931 musica
1012 869 1082 931 acta
1105 883 1171 930 esse
1195 869 1230 929 ut
1260 867 1446 940 statuamus,
1512 916 1533 928 s

177 964 179 971 ’
210 971 302 1035 facile
332 971 531 1048 adducemur,
566 969 594 1033 si
625 970 784 1052 praeclara
813 969 869 1033 illa
891 972 1054 1052 poetarum
1077 967 1296 1033 Lesbiacorum
1320 968 1447 1032 nomina

211 1092 420 1155 magnumque
444 1074 571 1150 civium,
596 1073 705 1154 quiin
728 1072 880 1156 agonibus
896 1070 1087 1136 Carneomm
1111 1071 1264 1154 vicerunt,
1281 1091 1445 1136 numerum

209 1176 443 1258 respexerimus.
469 1179 500 1240 in
524 1176 615 1240 Samo
638 1193 758 1257 quoque
773 1175 973 1257 Polycratem
989 1178 1159 1257 tyrannum
1175 1174 1297 1240 artibus
1314 1175 1445 1240 musicis

209 1297 302 1360 quam
326 1278 461 1343 maxime
483 1277 599 1342 favisse
623 1279 763 1360 constat3
788 1276 881 1342 Chios
899 1277 975 1343 belli
998 1277 1095 1341 Ionici
1112 1277 1305 1358 temporibus
1320 1280 1446 1342 centum

211 1381 456 1447 adulescentium
479 1382 608 1445 chorum
632 1381 768 1462 Delphos
791 1371 915 1446 misisse
938 1380 1118 1450 Herodotus
1141 1379 1186 1444 Vl
1210 1379 1250 1443 27
1274 1385 1388 1444 narrat.
1413 1380 1445 1444 in
1527 1381 1531 1388 '

210 1485 314 1548 insula
344 1484 424 1547 Paro
454 1482 677 1548 Archilochum
712 1469 836 1568 hymno
862 1484 894 1547 in
929 1482 1071 1548 Cererem
1106 1483 1276 1564 composito
1310 1485 1446 1564 prtmum
1494 1553 1525 1566 st

210 1577 400 1666 praemium
429 1589 600 1668 reportasse
644 1587 743 1652 tradit
781 1587 936 1669 interpres
978 1587 1105 1668 quidem
1140 1586 1358 1669 Aristophanis
1395 1579 1445 1669 (ad
1501 1613 1505 1628 .
1545 1606 1547 1617 ¹

211 1691 271 1753 Av.
296 1705 325 1754 v.
353 1689 659 1784 lidiildarthaeae
682 1692 714 1754 in
738 1689 798 1754 Ceo
822 1690 927 1754 insula
949 1690 1127 1756 Simonides
1150 1692 1330 1756 adulescens
1362 1689 1447 1754 chori
1499 1700 1502 1706 “

209 1791 354 1874 magistri
388 1785 516 1856 munere
550 1793 678 1856 functus
719 1811 784 1856 esse
821 1792 935 1857 dicitur
974 1793 1067 1870 (inter
1107 1795 1144 1858 ol.
1181 1795 1223 1859 60
1260 1799 1292 1858 et
1328 1794 1383 1871 64)
1413 1811 1448 1857 ao
1493 1879 1494 1882 Ἴ

209 1899 380 1972 χορηγεῖον
411 1913 530 1976 quoque
563 1896 608 1959 ibi
641 1894 789 1960 extitisse
804 1896 949 1960 narratur
972 1897 1151 1972 (AthenX
1180 1897 1244 1961 456
1275 1897 1315 1978 f).
1352 1895 1448 1960 simili
1495 1879 1505 1886 ⁸

212 1997 304 2060 modo
328 1996 400 2060 aliis
424 1998 520 2061 etiam
543 1996 650 2080 locis⁹)
672 1999 707 2062 in
730 2001 858 2064 deorum
881 1999 1029 2063 honorem
1052 1999 1284 2064 commissiones
1309 1999 1445 2064 musices

213 2097 336 2163 habitas
360 2118 424 2164 esse
447 2101 626 2165 coniectura
649 2101 775 2182 adsequi
799 2086 989 2184 possumus'
1015 2121 1087 2169 oum
1116 2104 1223 2168 autem
1246 2104 1358 2168 Persae
1381 2121 1447 2166 sae·
1501 2161 1504 2177 ,

212 2201 282 2265 culo
305 2203 392 2266 sexto
416 2203 511 2267 Asiae
534 2203 663 2268 minoris
687 2202 926 2288 insularumque
942 2205 1149 2272 finitimarum
1165 2207 1281 2272 incolas
1302 2211 1332 2271 in
1351 2205 1448 2272 dicio·
1502 2186 1504 2211 ¹

212 2323 284 2367 nem
301 2323 390 2370 suam
406 2306 608 2388 redegissent,
626 2326 720 2372 aurea
734 2307 792 2370 illa
819 2310 935 2373 artium
959 2307 1139 2376 liberalium
1162 2315 1247 2376 aetas
1271 2309 1447 2390 interrupta

211 2410 268 2481 est,
292 2405 388 2471 donec
411 2406 558 2473 libertate
580 2413 652 2491 post
674 2409 758 2476 bella
780 2411 908 2476 Persica
929 2412 1077 2476 restituta
1101 2413 1133 2477 hi
1157 2432 1277 2495 quoque
1301 2411 1447 2477 Graeciae
1506 2432 1510 2481 5

211 2509 317 2592 populi
340 2528 435 2576 novas
459 2531 531 2614 opes
556 2513 594 2577 ad
619 2513 703 2578 artes
725 2513 796 2579 illas
824 2514 966 2580 colendas
989 2513 1049 2580 sibi
1073 2518 1270 2598 paraverunt.

210 2673 417 2682 o———w--u--n

322 2761 339 2824 ¹)
358 2759 390 2812 cf.
411 2759 499 2827 Bergk
518 2759 592 2813 Poet.
611 2759 662 2827 lyr.
676 2760 767 2814 Gr.⁴I
796 2775 821 2829 p.
840 2765 899 2815 483.

319 2861 339 2922 ²)
359 2861 398 2914 De
417 2861 539 2914 fabuloso
558 2860 673 2914 Lesohae
696 2863 854 2930 Arctinique
881 2861 1026 2916 certamine
1054 2863 1088 2914 ci.
1116 2863 1206 2931 Bergk
1233 2863 1305 2916 Hist.
1326 2863 1381 2916 litt.
1401 2863 1450 2918 Gr.

213 2943 242 2996 11
262 2947 294 2996 48
313 2945 374 2998 adn.
388 2951 429 3008 do,
447 2945 548 2998 Rohert
566 2946 627 2998 Bild
646 2963 673 3000 u.
684 2945 750 3000 Lied
769 2965 795 3016 p.
808 2952 866 3013 226,
886 2947 1066 3001 Wilamowita
1081 2947 1186 3002 Homer.
1201 2948 1447 3018 Untersuchungeu

214 3045 238 3098 p.
258 3035 316 3083 aro.
