3280 5100
1376 358 1417 424 91

180 547 303 631 legatos
318 543 409 612 Teios
427 545 557 630 Delphis
573 545 733 611 de'isdem
748 547 839 612 rebus
856 544 958 628 egisse
972 546 1116 629 Megarta
1131 547 1279 612 archonte
1291 546 1422 612 demon·

181 650 264 714 strat
285 647 481 731 Delphorum
504 648 662 714 decretum
685 647 768 732 apud
783 648 827 712 Le
842 646 1137 730 Bas-Waddington
1158 651 1179 714 l.
1200 671 1225 716 c.
1242 650 1285 715 84
1306 648 1424 732 (Cauer

182 749 275 818 011.ς
296 753 383 832 208).
405 751 563 836 Megarice
587 751 688 834 igitur
710 751 818 816 eodem
840 751 978 832 tompore
1001 752 1116 818 archon
1141 752 1220 831 luit,
1259 770 1319 834 quo
1343 753 1418 818 Ale-

180 854 295 920 xander
309 856 463 940 praetoris
479 873 607 921 munere
622 854 751 919 iunctus
769 855 825 918 est.
850 853 914 918 iam
937 871 1007 918 oum
1024 859 1109 920 extet
1120 855 1233 921 titulus
1246 855 1420 937 Delphicus

182 957 511 1037 (Wesoher·Doucart
545 959 567 1024 l.
591 978 617 1023 c.
640 956 737 1036 243),
772 955 824 1021 oui
846 957 1037 1038 praescripta
1060 961 1143 1031 sunt,
1159 958 1250 1024 haec:
1280 976 1425 1038 orpora·

180 1064 317 1139 γέοντος
340 1067 406 1128 τῶν
428 1061 579 1128 Αἰτωλῶν
595 1060 810 1140 Ἀλεξάνδρου
827 1061 1033 1126 Καλυδωνίου
1041 1108 1135 1127 .....
1165 1064 1200 1127 ἐν
1223 1065 1259 1128 δὲ
1272 1065 1423 1146 Δελφοῖς

185 1163 344 1244 ἄρχοντος
367 1164 584 1244 Φιλοκράτεος
607 1165 709 1245 μηνὸς
732 1163 934 1243 Ποιτροπίου
958 1168 1016 1228 τοῦ
1039 1164 1182 1244 πρώτου,
1207 1169 1294 1248 patet
1310 1166 1419 1231 Philo·

184 1269 303 1332 cratem
332 1267 512 1332 archontum
542 1267 637 1334 luisse
667 1267 735 1332 eins
766 1267 842 1332 anni
865 1267 1028 1351 Delphici,
1068 1267 1156 1333 cuius
1186 1269 1281 1333 tertio
1313 1285 1422 1334 manee

185 1369 360 1436 Alexander
383 1373 509 1452 praetor
531 1371 649 1436 electus
673 1373 731 1455 est,
755 1370 933 1453 Megartam
953 1371 1059 1435 autem
1080 1389 1108 1436 a.
1125 1371 1302 1453 insequenti
1316 1372 1420 1456 magi·

184 1475 321 1538 stratum
349 1473 500 1557 gessisse,
522 1473 569 1539 ita
597 1475 635 1538 ut
662 1493 718 1556 per
740 1473 817 1540 duos
840 1473 933 1538 huius
964 1473 1040 1541 anni
1068 1491 1191 1538 menses
1215 1473 1331 1556 primos
1354 1476 1421 1540 col·

183 1575 255 1657 lega
277 1575 372 1641 luerit
393 1576 566 1642 Alexandri
588 1577 751 1660 praetoris.
775 1576 970 1642 Philocrates
992 1577 1091 1661 igitur
1113 1577 1146 1643 et
1167 1578 1326 1662 Megartas
1350 1593 1421 1660 pro·

184 1678 276 1744 ximie
299 1679 389 1744 aunis
404 1683 478 1745 ante
493 1679 558 1745 200
583 1681 666 1763 (dico
689 1699 784 1745 annos
807 1681 879 1746 inde
903 1680 1001 1746 aaut
1024 1699 1122 1763 usque
1146 1683 1185 1746 ad
1209 1681 1274 1747 200
1290 1700 1318 1747 a.
1328 1679 1420 1761 0111.)

185 1781 374 1864 adsignandi
396 1785 484 1848 sunt:
501 1789 596 1866 atquo
620 1786 730 1851 eadem
752 1785 817 1849 iere
833 1787 937 1850 aetate
952 1785 1090 1868 Hybrias
1113 1803 1232 1869 quoque
1248 1787 1303 1851 ille
1318 1789 1421 1868 magi·
1461 1811 1462 1815 ¹

186 1885 321 1950 stratum
344 1886 451 1972 gessit,
474 1887 527 1970 qui
542 1887 638 1952 Ducle
660 1889 692 1952 et
713 1889 841 1954 Xenone
864 1886 1082 1952 sacerdotibus
1105 1887 1424 1971 (Wesehcr·Foucart

185 1988 359 2070 1.c.407)
395 1990 508 2056 archon
541 1991 614 2056 fuit.
645 2010 716 2056 cum
739 1991 822 2056 enim
851 1991 961 2056 Xenon
994 2009 1091 2073 usque
1123 1994 1161 2056 ad
1185 2009 1212 2056 a.
1237 1991 1278 2055 ol.
1307 1992 1375 2074 149,
1399 1991 1425 2054 4

186 2090 298 2176 (tarso
319 2111 346 2158 a.
372 2092 458 2180 Chr.)
492 2095 603 2162 vixerit
621 2112 737 2178 ‚neque
765 2113 837 2158 eum
866 2093 938 2176 plus
959 2093 1089 2160 25-30
1118 2112 1216 2160 anuos
1250 2095 1423 2177 sacerdotio

185 2194 328 2260 iunctum
361 2215 428 2262 esse
457 2199 523 2264 reri
552 2197 656 2262 simile
685 2199 746 2274 sit,
781 2197 919 2282 Hybrias
942 2196 1027 2262 inter
1056 2215 1152 2264 anuos
1183 2199 1247 2264 200
1270 2196 1362 2282 (210)
1387 2202 1423 2262 et

189 2298 249 2364 198
265 2300 384 2366 archon
406 2302 501 2367 fuerit
524 2317 651 2367 necesse
674 2305 731 2366 est.
755 2301 902 2384 idemque
925 2302 1011 2366 valet
1032 2301 1070 2366 de
1085 2302 1234 2367 archonte
1249 2303 1421 2386 Euangelo,

187 2402 240 2484 qui
263 2408 522 2483 στραταγέοντος
541 2396 659 2484 'Ardua
682 2407 720 2470 τὸ
744 2406 898 2483 δεύτερον
920 2423 983 2468 una
1006 2422 1077 2469 oum
1091 2404 1222 2471 Euclida
1246 2409 1277 2472 et
1292 2408 1422 2473 Xenone

186 2506 398 2572 sacerdotibus
437 2507 617 2574 nominatur
653 2507 736 2591 apud
773 2506 976 2571 Wescherum
1008 2511 1040 2570 et
1064 2507 1266 2572 Foucartium
1297 2527 1327 2571 n.
1358 2508 1424 2572 384

190 2608 244 2690 (ci.
278 2610 318 2676 A.
341 2613 517 2676 Mommsen
551 2611 572 2676 1.
596 2631 621 2677 c.
646 2630 675 2693 p.
701 2611 730 2686 7,
755 2610 820 2690 10).
859 2610 884 2674 si
910 2615 1016 2674 autem
1045 2615 1128 2675 recte
1159 2611 1198 2674 ad
1228 2628 1324 2675 annos
1350 2613 1424 2674 inde

187 2729 206 2775 a
228 2712 292 2778 206
317 2715 379 2794 (vel
401 2713 478 2798 210)
503 2734 601 2797 usque
623 2718 662 2780 ad
687 2713 748 2780 198
778 2713 960 2778 rettulimus
976 2713 1130 2776 Mantiam
1146 2711 1300 2796 Hybriam
1316 2714 1422 2779 ltuen-

187 2814 293 2896 gelum
324 2816 532 2882 Philocratem
562 2817 756 2900 Megartam,
787 2817 851 2881 iam
879 2815 1039 2881 difficilius
1061 2816 1136 2880 adeo
1160 2816 1361 2894 adducemur,
1386 2818 1425 2880 ut

188 2916 288 2982 isdem
321 2918 410 2983 annis
442 2919 641 3002 (204-199)
672 2919 769 2982 etiam
798 2921 862 2984 tres
897 2918 967 2984 illos
1004 2918 1219 3007 catalogorum
1246 2919 1424 2984 archontes

187 3020 397 3106 adsignemus.
437 3024 576 3087 consulto
604 3027 711 3086 autem
740 3022 843 3086 adhuc
871 3024 1092 3104 argumentum
1126 3022 1232 3102 omisi,
1268 3024 1350 3105 quod
1372 3043 1424 3088 me

189 3143 251 3190 non
266 3125 367 3209 primo
385 3127 452 3192 loco
475 3128 613 3208 posuisse
636 3127 768 3192 fortasse
792 3127 861 3208 quis
883 3125 1025 3204 miretur,
1059 3125 1226 3190 titulorum
1249 3124 1317 3190 dico
1340 3125 1422 3191 ordi-

188 3247 276 3305 nem,
311 3249 403 3312 qnem
432 3229 582 3294 Weseher
618 3232 649 3294 et
683 3229 817 3295 Foucart
852 3227 1066 3312 exhibuerunt.
1105 3245 1157 3294 eos
1194 3229 1279 3294 enim
1311 3228 1424 3294 titulos

189 3331 261 3397 illos
285 3352 345 3399 non
376 3354 412 3399 ex
434 3334 564 3400 arbitrio
598 3336 658 3400 hoc
687 3336 794 3400 ordine
817 3333 959 3420 edidisse,
983 3333 1036 3400 sed
1060 3334 1140 3417 quod
1164 3333 1196 3398 in
1226 3351 1315 3398 muro
1346 3332 1422 3396 Del·

189 3436 279 3519 phioo
302 3437 347 3502 ita
370 3455 436 3502 sese
460 3439 633 3521 excipiunt,
657 3438 751 3505 facile
774 3437 926 3522 suspicari
948 3455 1125 3520 possumus,
1149 3454 1339 3518 quamquam
1362 3434 1423 3516 ipsi

189 3540 313 3605 nullum
335 3542 373 3605 de
390 3542 450 3607 hao
465 3561 498 3606 re
525 3543 655 3608 verbum
677 3543 829 3609 fecerunt.
853 3539 998 3606 nolebam
1021 3545 1126 3603 tamen
1156 3539 1324 3620 quiequam
1347 3535 1424 3604 huic

189 3839 404 3892 unumquemque
421 3829 568 3893 praetorem
587 3825 752 3891 Aetolorum,
771 3827 853 3880 tertio
880 3824 944 3878 anni
964 3797 1089 3894 Delphici
1115 3839 1205 3878 menae
1229 3827 1358 3891 creatum,
1377 3839 1425 3892 per

189 3910 279 3965 decem
309 3924 413 3967 menses
442 3927 496 3964 una
523 3927 583 3964 curn
612 3910 731 3964 eiusdem
761 3911 923 3982 olympiadis
953 3905 1017 3966 anni
1047 3911 1175 3965 archonte
1205 3909 1346 3980 Delphico,
1376 3925 1427 3980 per

190 3997 255 4052 duos
281 4013 386 4052 menses
412 4013 465 4050 una
492 4013 551 4051 cum
578 3997 747 4066 insequentis
774 4000 839 4052 anni
866 3997 992 4053 archonte
1011 3999 1040 4051 in
1067 3999 1232 4066 magistratu
1250 3996 1423 4052 1111111111-

189 4089 296 4155 pertum
312 4083 467 4138 habeamus.
486 4085 516 4137 at
533 4099 557 4138 a.
569 4083 603 4138 ol.
618 4086 676 4150 146,
696 4088 711 4136 3
731 4083 914 4139 Orthaeum
933 4083 1045 4153 Delphis
1058 4085 1210 4138 archontem
1224 4083 1423 4140 fuissesortum

190 4175 231 4225 est
257 4171 301 4239 (A.
326 4170 475 4225 Mommsen
494 4171 512 4224 l.
531 4187 552 4225 c.
571 4187 596 4240 p.
615 4174 685 4235 27.);
712 4171 845 4240 reliquum
873 4171 960 4239 igitur
987 4173 1045 4232 ert,
1073 4173 1105 4223 ut
1131 4173 1193 4222 aute
1220 4185 1244 4229 a,
1271 4169 1306 4222 ol.
1329 4173 1423 4233 nhil

191 4260 357 4327 (20011091.
375 4256 446 4324 0111.)
475 4257 653 4313 Alexandrum
681 4262 832 4326 praetorem
854 4257 937 4311 luisse
956 4271 1116 4310 censeamus.
1147 4271 1231 4324 neque
1249 4271 1309 4309 vero
1327 4255 1425 4310 multis

190 4344 237 4397 ille
255 4343 333 4398 annis
350 4347 413 4396 ante
431 4343 567 4411 ponendus
590 4347 645 4410 est,
672 4359 695 4396 a.
714 4344 786 4397 enim
806 4347 854 4397 103
872 4359 933 4398 eum
951 4343 1055 4396 decreto
1074 4341 1256 4396 Romanorum
1275 4341 1336 4396 OIG
1355 4344 1424 4394 3045
1448 4391 1449 4394 ,

190 4431 295 4500 asylum
320 4429 415 4484 Teium
440 4431 621 4496 confirmetur,
649 4429 683 4482 ad
710 4430 820 4484 Aetolos
848 4445 953 4499 quoque
980 4445 1032 4482 non
1060 4427 1154 4482 multis
1186 4428 1264 4482 annis
1295 4431 1358 4482 ante
1392 4425 1426 4480 de

190 4515 282 4570 eadem
299 4531 326 4569 re
344 4517 447 4585 legatos
465 4515 541 4570 Teios
559 4516 654 4570 missos
672 4531 728 4570 esse
741 4517 872 4585 suspicari
884 4531 1037 4585 pessumum
1055 4530 1140 4583 neque
1152 4515 1239 4567 multo
1251 4515 1312 4582 plus
1331 4513 1423 4567 decern

190 4600 269 4654 annis
287 4601 402 4656 alteram
420 4602 564 4657 Alexandri
581 4605 732 4672 praeturam
751 4606 785 4671 (a.
806 4605 893 4671 196,h)
918 4601 1038 4670 aprima
1055 4601 1173 4656 abluime
1192 4601 1248 4654 reri
1267 4600 1355 4653 simile
1374 4601 1425 4650 est.
