3240 5112
1391 375 1430 440 13

190 567 299 630 turin
323 565 449 630 Pindari
483 563 549 628 vita
583 561 698 631 codicis
721 561 891 628 Vratislau.
915 562 944 626 A
970 561 1111 644 (Pindari
1142 581 1211 646 opp.
1236 565 1282 630 ed.
1306 564 1430 630 Boeckh

189 677 223 740 Π
249 671 321 750 199)
346 670 543 737 διδάσκαλον
576 670 612 732 δὲ
647 667 746 735 αὐτοῦ
769 665 939 744 Ἀθήνησιν
962 666 993 731 οἱ
1015 669 1072 744 μὲν
1094 665 1306 744 Ἀγαθοκλέα,
1341 668 1371 733 oi
1394 669 1431 733 δὲ

189 773 443 850 Ἀπολλόδωρον
466 770 625 846 λέγουσιν,
659 769 698 833 ὃν
720 769 770 832 καὶ
794 769 1031 848 προιστάμενον
1062 773 1197 834 κυκλίων
1221 775 1328 851 χορῶν
1352 770 1430 838 ἀπο·

189 878 357 958 δραμόντα
379 877 548 938 πιστεῦσαι
571 874 627 951 τὴν
651 872 857 938 διδασκαλίαν
887 877 932 959 τῷ
961 871 1115 956 Πινδάρῳ
1146 875 1232 938 παιδὶ
1257 871 1339 950 ὄντι,
1372 875 1432 937 τὸν

191 983 230 1048 δὲ
254 979 288 1046 εὖ
312 977 575 1055 διακοσμήσαντα
599 969 771 1053 διαβόητον
793 965 953 1050 γενέσθαι.
978 973 1152 1060 Simonides
1168 993 1290 1057 quoque
1306 975 1433 1040 saeculo

192 1083 304 1166 quinto
327 1081 457 1144 ineunte
472 1097 508 1142 ex
524 1077 838 1149 ThessaliaAthenas
855 1077 985 1142 rediisse
1008 1077 1141 1142 videtur.
1161 1071 1251 1146 cuius
1267 1081 1430 1144 victoriam
1501 1154 1502 1158 Ἰ
1555 1057 1583 1068 ”’

191 1187 232 1255 ol.
247 1183 332 1262 rud
350 1181 426 1281 (482
441 1199 468 1248 a.
482 1179 567 1261 Chr.)
585 1181 775 1262 reportatam
793 1177 898 1244 chron.
913 1171 1042 1244 Parium
1058 1181 1078 1246 l.
1088 1181 1129 1246 64
1146 1201 1191 1266 ep.
1205 1183 1247 1246 49
1264 1167 1313 1248 his
1330 1181 1432 1268 verbis

192 1281 432 1354 commemorat}
457 1276 515 1364 ἀφ’
539 1284 577 1349 οὗ
600 1285 778 1364 Σιμωνίδης
803 1285 821 1348 δ
845 1286 1025 1364 Σιμωνίδου
1054 1287 1187 1352 πάππος
1216 1291 1274 1352 τοῦ
1297 1290 1432 1364 ποιητοῦ

192 1392 326 1470 ποιητὴς
351 1379 400 1454 ὢν
420 1389 471 1454 καὶ
494 1387 616 1474 [αὐτός.
638 1393 708 1472 νικᾷ
730 1386 911 1475 ἈθήῙνησι,
940 1409 958 1452 ν
966 1435 1124 1453 .........
1155 1388 1313 1468 ἄρχοντος
1342 1388 1433 1467 Ἀθή-

192 1509 287 1572 νησιν
309 1491 507 1570 Ἀριστείδου
520 1488 554 1575 ¹).
594 1509 687 1572 quam
718 1489 896 1569 victoriam,
932 1508 1003 1554 cnm
1032 1489 1100 1554 sine
1124 1491 1217 1576 dubio
1241 1509 1302 1556 non
1332 1490 1435 1574 prima

194 1595 290 1660 fuerit
323 1597 431 1676 poetae
464 1598 532 1658 tum
564 1593 627 1658 iere
665 1594 894 1675 septuagenarii
930 1612 1029 1676 neque
1064 1593 1196 1676 scriptor
1226 1593 1336 1662 Parius
1368 1595 1434 1658 eius

194 1698 278 1763 modi
315 1696 462 1762 victorias
504 1697 728 1761 commemoret
768 1697 828 1760 nisi
862 1695 968 1777 aliqua
1002 1695 1039 1760 de
1074 1714 1166 1762 causa
1201 1697 1433 1775 memorabiles,

194 1801 335 1865 homines
358 1799 443 1864 docti
472 1819 595 1864 summa
626 1818 697 1864 cnm
720 1798 939 1882 probabilitate
967 1800 1006 1887 ad
1030 1799 1164 1882 elegiam
1187 1799 1277 1864 illam
1300 1785 1435 1864 rettule-
1539 1803 1549 1824 ’·

196 1907 280 1978 runt,
305 1921 365 1983 qua
389 1902 581 1985 Aeschylum
605 1901 644 1966 ab
668 1918 702 1964 eo
726 1900 846 1965 victum
868 1919 933 1964 esse
957 1899 1116 1983 narrant⁹)
1152 1903 1207 1986 (ol.
1232 1903 1296 1968 vita
1319 1901 1432 1970 Aesch.

188 2025 227 2090 p.
251 2007 316 2072 380
337 2005 519 2071 Kircbhoff:
554 2006 656 2094 ἀπῆρε
680 2003 708 2070 δ’
731 2005 777 2070 ιίις
804 2005 928 2086 Ἱέρωνα
956 2055 1072 2074 ......
1102 2007 1205 2090 ἐντῷ
1230 2005 1275 2072 εἰς
1298 2007 1376 2070 τοὺς
1400 2006 1435 2070 ἑν

198 2109 374 2188 Μαραθῶνι
397 2108 591 2186 τεθνηκότας
615 2108 741 2194 ἐλεγείῳ
771 2109 928 2187 ἡσσηθεὶς
951 2110 1135 2193 Σιμωνίδῃ).
1171 2115 1307 2190 quantus
1329 2109 1434 2174 auteur

197 2217 358 2295 poetarum
382 2213 571 2276 certantium
605 2212 873 2294 certaminumque
907 2213 1004 2276 suerit
1038 2231 1198 2292 numerus,
1228 2211 1299 2276 inde
1329 2213 1436 2294 potest
1487 2263 1491 2276 .

198 2316 320 2398 colligi,
349 2305 436 2398 quod
465 2314 641 2392 Simonides
664 2334 698 2380 se
720 2315 947 2398 quinquaginta
971 2305 1076 2404 et'sser
1101 2311 1247 2384 victorias
1271 2315 1434 2379 chororum
1487 2302 1494 2410 ’ἱ
1511 2344 1542 2358 --

198 2419 231 2484 in
255 2419 405 2501 agonibus
429 2421 605 2500 reportasse
620 2413 694 2502 ¹ipse
717 2411 870 2502 gloriatur
894 2419 1002 2502 (epigr.
1022 2419 1082 2484 145
1098 2421 1160 2503 B.),
1177 2437 1310 2500 quarum
1336 2420 1435 2482 maior·

87 2546 105 2607 ῃ
199 2541 269 2604 pars
292 2523 357 2588 sine
381 2523 474 2588 dubio
497 2521 630 2587 Athenis
653 2527 743 2604 parta
765 2525 823 2588 est.
857 2523 888 2586 et
922 2522 1127 2586 celeberrima
1151 2522 1183 2585 in
1206 2515 1315 2603 primis
1337 2523 1437 2604 ipsius

198 2618 554 2708 poetaeepigrnmmate
586 2625 661 2708 (147
686 2625 734 2700 Β.)
761 2625 890 2690 victoria
921 2629 986 2689 erat
1017 2625 1073 2690 illa
1096 2624 1265 2690 Adimaute
1289 2626 1436 2689 archonte

201 2733 396 2808 comparata,
432 2730 472 2794 cl.
501 2729 605 2794 chron.
630 2729 700 2794 Par.
726 2729 814 2794 1.·70
843 2748 889 2810 ep.
919 2727 976 2806 54,
1009 2729 1062 2792 ubi
1091 2727 1194 2792 verbis
1223 2728 1437 2806 ..Σιμωνίδης

201 2829 454 2908 δΛεωπρέπους
476 2833 680 2908 ...ἐνίκησεν
701 2831 873 2925 Ἀθήνησιν
896 2831 1103 2924 διδάσκων
1127 2829 1196 2910 ipsa
1211 2834 1319 2910 poetae
1342 2829 1437 2892 verba

202 2931 424 3012 respiciuntur:
856 2945 858 2950 ·
915 2946 917 2951 ’
1052 2943 1054 2949 “

250 3111 405 3119 ...-.,.....,.....
469 3112 471 3116 .
717 3101 739 3130 ,ff

307 3225 325 3289 ¹)
344 3223 383 3276 De
409 3221 452 3275 his
478 3219 567 3274 verbis
595 3219 756 3273 sententiam
784 3234 935 3288 perversam
962 3218 1102 3287 proposuit
1128 3217 1211 3272 Flach
1239 3218 1347 3290 (Chion.
1375 3219 1436 3277 Par.

203 3323 226 3376 p.
237 3312 279 3362 23.
294 3307 398 3363 Griech.
410 3307 493 3376 Lyrilr
506 3324 530 3376 p.
541 3311 590 3360 612
604 3305 663 3360 adn.
677 3309 710 3374 1),
729 3307 776 3374 qui
794 3306 930 3360 hominem
949 3305 1027 3358 illum
1046 3303 1087 3358 ita
1104 3305 1227 3373 ineptum
1246 3305 1331 3358 fnisse
1349 3307 1437 3374 putat,

204 3399 233 3448 ut
252 3411 299 3463 pro
319 3397 378 3462 Σιμ.
397 3396 539 3460 ἀπόγονος
558 3393 716 3459 Σιμωνίδου
736 3397 857 3460 ποιητοθ
877 3393 962 3456 ὄντος
981 3394 1026 3445 καί
1046 3393 1137 3446 αὐτοῦ
1156 3407 1188 3444 ea
1201 3392 1346 3460 scripserit,
1367 3407 1436 3459 quae

204 3497 273 3548 nrrrrc
292 3483 427 3551 leguntur.
458 3481 504 3536 sed
523 3479 554 3534 de
574 3476 721 3534 Simonidis
739 3480 846 3548 nepotis
865 3479 978 3532 victoria
1001 3479 1077 3532 nulle
1100 3478 1177 3532 modo
1201 3481 1292 3546 potest
1314 3479 1438 3546 cogitari,

204 3569 299 3638 quippe
326 3568 385 3636 qni,
415 3551 466 3622 etsi
485 3583 509 3622 a.
528 3570 578 3620 489
607 3565 677 3620 circa
694 3566 795 3634 uiginti
823 3581 906 3618 annos
934 3567 1029 3618 natum
1058 3580 1117 3618 enm
1144 3563 1227 3616 luisse
1254 3563 1437 3629 concedamus,

205 3671 255 3708 non
275 3654 373 3723 lyricus
387 3653 470 3708 fuerit
488 3657 576 3722 poeta,
593 3651 640 3706 sed
651 3650 840 3718 γενεαλογίαν
853 3653 884 3706 ἐν
899 3650 1013 3717 βιβλίοις
1030 3651 1066 3716 γ’,
1080 3649 1228 3718 εὑρήματα
1241 3649 1272 3702 ἐν
1287 3647 1399 3716 βιβλίοις
1411 3650 1439 3716 γ’

205 3738 341 3808 (Hesych.)
360 3739 504 3810 scripserit.
535 3755 589 3808 qua
607 3741 699 3792 autem
719 3741 751 3792 de
769 3755 848 3792 cansa
866 3737 979 3806 scriptor
998 3736 1095 3789 Parius
1115 3735 1280 3789 Simonidem
1305 3752 1437 3790 summum

206 3826 282 3878 illum
302 3828 404 3894 poetam
424 3827 461 3878 eis
480 3827 567 3880 verbis
586 3825 686 3879 additis
713 3825 746 3878 ab
765 3825 850 3878 altero
869 3823 1005 3878 Simonide
1028 3822 1179 3876 obscuriore
1197 3821 1362 3890 distinguere
1381 3822 1438 3872 stu-

205 3911 300 3975 duerit,
311 3911 401 3964 nescio
419 3927 503 3980 neque
513 3911 600 3965 hercle
613 3913 726 3980 interest
744 3911 824 3977 scire3
844 3911 878 3964 cf.
890 3909 988 3978 Bergln
1007 3907 1079 3962 Hist.
1090 3909 1145 3966 litt.
1157 3906 1202 3962 Gr.
1213 3907 1242 3961 11
1259 3910 1309 3959 358
1325 3905 1385 3958 adn.
1397 3911 1439 3959 96.

206 3996 369 4050 Simonidem
388 4012 449 4049 vero
468 3999 645 4068 genealogum
663 4015 748 4068 neque
766 4015 790 4052 a.
809 4002 859 4052 489
879 4013 964 4066 neque
982 3999 1077 4065 postea
1095 3993 1177 4063 epicis
1200 3993 1255 4047 suis
1275 3991 1439 4046 carminibus

205 4083 319 4138 Athenis
338 4082 432 4136 vicisse
451 4083 626 4150 probabiliter
645 4085 712 4138 satis
729 4086 849 4138 statuere
868 4083 940 4137 licet.
990 4145 995 4150 ¹
1311 4075 1313 4080 ’

309 4203 329 4270 ²)
348 4203 413 4258 Eius
435 4203 507 4258 modi
535 4205 682 4259 certamina
709 4205 816 4274 propius
843 4207 878 4261 sd
896 4223 971 4274 enm,
996 4205 1043 4274 qni
1061 4206 1104 4259 est
1121 4203 1172 4256 hac
1190 4203 1284 4267 aetate,
1305 4203 1439 4255 concerte-

205 4290 309 4344 tionum
328 4290 489 4358 poeticarum
509 4291 669 4346 accedebant
687 4307 796 4346 morem.
816 4294 923 4347 monuit
946 4291 1084 4346 Benndorf
1101 4287 1197 4357 (Ueber
1215 4287 1263 4341 das
1283 4285 1438 4341 Onltusbild

206 4376 250 4430 der
273 4375 381 4430 Athene
408 4375 478 4429 Nike
502 4393 527 4446 p.
546 4381 579 4430 35
598 4378 671 4445 adn.)
700 4377 729 4431 in
756 4380 936 4433 monumentis
964 4379 1067 4446 saepius
1094 4377 1147 4430 tria
1174 4373 1381 4442 epigrammata,
1410 4372 1438 4426 in

207 4463 324 4518 eiusdem
344 4463 382 4517 rei
401 4463 529 4518 honorem
548 4465 665 4530 condita,
684 4465 827 4520 coniuncta
844 4481 909 4530 esse,
929 4465 958 4518 id
976 4463 1047 4534 qnod
1066 4479 1079 4516 e
1098 4459 1240 4516 certamine
1252 4459 1380 4512 instituto
1399 4473 1440 4511 er·

206 4550 357 4618 plicandum
376 4567 432 4605 esse
451 4550 562 4606 uidetur.
581 4551 706 4622 idemque
725 4552 840 4606 contulit
859 4551 993 4605 Athenaei
1012 4549 1098 4604 locum
1118 4545 1167 4600 XV
1187 4549 1236 4598 697
1256 4561 1281 4597 a.
