3240 5112
147 359 202 424 -64

263 549 435 631 Postquam
458 547 606 614 Graeciae
636 547 794 632 regiones,
830 565 909 630 quae
939 549 978 611 ad
1001 547 1157 630 Europam
1181 547 1394 612 continentem

161 650 333 733 pertinent,
357 651 624 732 percucurrimus,
659 653 722 716 iam
751 649 790 716 ad
812 650 992 733 sollemnia,
1021 669 1100 733 quae
1123 651 1155 714 in
1178 649 1291 715 insulis
1313 649 1396 716 inter

162 755 320 838 Duropam
352 757 384 819 et
405 753 515 818 Asiam
549 753 621 819 sitis
654 753 850 839 agebantur,
879 754 1087 820 examinanda
1115 755 1323 820 transeamus.
1343 735 1396 818 iac

163 857 262 939 primo
285 856 354 922 loeo
378 859 505 940 propter
529 847 734 940 dignitatem,
766 876 828 940 qua
851 856 1004 924 florebant
1012 907 1020 937 ,
1017 857 1136 962 ..932¹ss
1145 855 1319 931 certamina
1339 875 1395 940 po-

50 961 263 1070 snenda
286 958 443 1036 videntur,
472 957 646 1040 dequibus
670 961 701 1023 et
724 959 829 1024 titulis
851 961 883 1025 et
905 959 1095 1044 scriptorum
1118 960 1195 1025 locis
1216 961 1395 1026 accuratius
1469 1017 1471 1024 .

159 1063 333 1128 edocemur.
364 1079 434 1126 oum
463 1062 562 1146 igitur
587 1061 816 1152 antiquioribus
838 1062 1033 1146 temporibus
1060 1064 1094 1128 in
1116 1062 1175 1127 hac
1200 1061 1305 1128 issula
1326 1081 1395 1128 am·

144 1164 296 1249 phssimi
322 1182 437 1246 agones
472 1166 585 1232 musici
621 1151 774 1232 celebrati
803 1147 933 1246 essentj‘
952 1167 1024 1232 inde
1058 1185 1076 1231 a
1110 1167 1263 1232 bellorum
1291 1165 1395 1232 Persi-

115 1265 122 1354 i,
161 1255 490 1354 corumtemporibus
519 1275 677 1340 mercatus
706 1269 849 1334 Deliacos
879 1271 1007 1334 minoris
1036 1267 1190 1360 momenti
1216 1267 1316 1334 luisse
1343 1267 1393 1332 in-

160 1372 325 1456 tellegitur
361 1392 377 1437 e
404 1363 596 1455 Thucydidis
619 1373 721 1437 verbis
752 1372 901 1454 111104,
926 1373 967 1438 6:
1000 1376 1226 1453 τοσαῦταμὲν
1249 1373 1395 1452 Ὅμηρος

162 1478 404 1557 ἐτεκμηρίωσεν,
428 1475 477 1540 ότι
499 1477 612 1555 ἦνκαὶ
634 1478 672 1541 τὸ
693 1477 790 1542 πάλαι
812 1475 930 1554 μεγάλη
954 1477 1091 1543 ξύνοδος
1108 1477 1159 1540 καὶ
1181 1476 1276 1555 ἑορτὴ
1300 1475 1335 1540 έν
1357 1479 1395 1556 τῇ

160 1580 278 1664 Δήλῳ·
312 1579 452 1658 ὕστερον
475 1581 512 1643 δὲ
534 1579 612 1644 τοὺς
635 1580 693 1658 μέν
716 1579 837 1658 χοροὺς
860 1578 892 1642 οἱ
919 1584 1074 1656 νησιῶται
1106 1581 1158 1644 καὶ
1181 1579 1213 1644 οἱ
1234 1578 1396 1658 Ἀθηναῖοι

45 1678 48 1682 ’
161 1683 229 1762 μεθ’
244 1683 340 1761 ἱερῶν
363 1681 521 1761 ἔπεμπον,
543 1682 584 1746 τὰ
607 1684 644 1747 δὲ
666 1683 738 1760 περὶ
759 1681 838 1747 τοὺς
861 1682 990 1759 ἀγῶνας
1014 1684 1126 1748 καὶτὰ
1149 1687 1285 1748 πλεῖστα
1307 1703 1396 1748 κατε·

38 1855 43 1880 Χ
161 1786 240 1864 λύθη
274 1785 338 1850 ύπὸ
376 1789 560 1866 ξυμφορῶν.
606 1785 748 1849 videntur
786 1785 871 1848 euim
907 1787 1051 1871 singulae
1090 1787 1213 1852 insulae
1248 1784 1396 1870 Cyclades

4 1895 7 1904 '
162 1889 273 1952 choros
289 1887 470 1953 constitutis
492 1887 685 1970 temporibus
708 1889 822 1960 Delum
845 1890 980 1968 misisse,
1004 1891 1058 1972 qui
1075 1890 1255 1974 Apollinem
1269 1888 1395 1953 Delium

162 1990 289 2075 hymnis
320 1990 525 2068 celebrarent,
556 1991 595 2055 ci.
626 1990 756 2074 Dionys.
786 1991 907 2074 Perieg.
930 1991 993 2058 527
1024 2008 1090 2074 sq.;
1119 2010 1195 2074 quos
1223 1992 1257 2056 in
1286 1991 1396 2073 primis

162 2095 320 2176 virginum
344 2095 458 2184 chores
476 2093 573 2158 fuisse
600 2097 708 2159 narrat
727 2094 841 2161 Strabo
864 2094 894 2158 X
915 2095 997 2160 485:
1033 2096 1064 2160 αἱ
1087 2097 1278 2174 περιοικίδες
1301 2103 1397 2174 νῆσοι

50 2244 58 2254 -
162 2199 243 2262 κατὰ
265 2199 355 2277 τιμὴν
378 2198 561 2276 πέμπουσαι
585 2197 725 2281 δημοσίᾳ
747 2198 895 2277 θεωρούς
918 2200 1025 2263 τεκαὶ
1056 2199 1173 2264 θυσίας
1202 2199 1253 2264 καὶ
1275 2199 1396 2278 χοροὺς

162 2303 335 2379 παρθένων
358 2302 550 2381 πανηγύρεις
574 2323 608 2366 τε
632 2302 667 2366 έν
682 2301 762 2384 αὐτῇ
786 2303 989 2380 συνάγουσαι
1012 2304 1160 2384 μεγάλας.
1185 2303 1219 2366 hi
1231 2304 1395 2368 Deliadum

147 2423 241 2487 xquae
264 2401 454 2468 vocabantur
477 2403 561 2468 chori
584 2405 753 2485 posteriore
776 2422 898 2487 quoque
921 2407 1061 2489 tempore
1082 2407 1298 2484 mittebantur,
1315 2405 1397 2472 un'de

163 2506 197 2570 in
227 2505 345 2570 tabulis
381 2505 517 2571 Deliacis
555 2507 679 2588 saepius
715 2526 823 2572 eorum
861 2509 1073 2574 dedicationes
1111 2511 1394 2574 commemorantur

168 2612 355 2692 (Δηλιάδων
378 2615 497 2691 χορεία,
521 2612 700 2677 ἐπιδόντων
724 2617 790 2678 τῶν
808 2613 923 2678 δείνων
939 2616 1098 2696 θεωρῶν).
1124 2633 1224 2698 neque
1246 2629 1317 2678 vero
1335 2615 1394 2677 vir·

146 2716 272 2797 =ginum
294 2717 419 2778 tantum
443 2714 539 2788 chori,
563 2715 617 2778 sed
649 2716 788 2778 virorum
824 2733 946 2797 ηυοηοο
977 2717 1151 2798 antiquitus
1184 2717 1297 2781 Delum
1320 2734 1392 2780 con-

71 2807 75 2812 ¹
163 2818 346 2898 veniebant,
376 2817 618 2882 crsausrffl
639 2818 671 2900 4,
698 2819 729 2881 lt
770 2819 821 2882 ἐπὶ
844 2819 881 2882 δὲ
903 2817 1004 2882 Φίντα
1032 2823 1090 2884 τοῦ
1114 2821 1248 2900 Συβώτα
1263 2823 1393 2898 πρῶτον

163 2922 351 2999 Μεσσήνιοι
366 2921 440 2988 τότε
463 2929 509 3007 τῷ
527 2921 707 2986 Ἀπόλλωνι
730 2922 764 2986 ἐς
787 2923 899 2999 Δῆλον
922 2921 1038 2986 θυσίαν
1065 2924 1116 2987 καὶ
1138 2921 1267 3002 ἀνδρῶν
1290 2922 1393 3000 χορὸν

163 3025 401 3108 ἀποστέλλουσι
412 3022 447 3106 ¹).
470 3023 516 3090 ita
539 3025 693 3090 Pindarus
709 3023 778 3089 (leis
795 3025 960 3103 Δηλιακὸν
982 3029 1102 3094 παιᾶνα
1123 3026 1250 3108 scripsit
1274 3025 1326 3110 (fr.
1341 3021 1392 3098 87,

164 3127 205 3191 88
218 3127 280 3210 Β.),
304 3127 386 3207 quod
402 3145 517 3191 munus
540 3127 694 3210 respicere
717 3127 845 3192 videtur
868 3130 960 3208 poeta
982 3127 1073 3190 initio
1096 3127 1225 3192 Isthmii
1248 3127 1396 3192 carminis

163 3231 257 3310 primi
281 3248 332 3293 νν.
350 3231 370 3292 3
387 3249 447 3311 sq.:
472 3232 512 3310 μή
536 3251 589 3310 μοι
612 3231 735 3310 κραναὰ
758 3230 935 3308 νεμεσάσαι
950 3231 1073 3307 Δᾶλος,
1098 3231 1132 3294 ἐν
1148 3230 1327 3315 ᾇκέχυμαι.
1341 3280 1348 3296 .
1362 3277 1390 3295 ..

164 3330 352 3412 ἀμφοτερᾶν
367 3353 416 3396 τοι
439 3334 579 3411 χαρίτων
601 3335 664 3398 σὺν
687 3337 774 3398 θεοῖς
798 3333 898 3400 Ζεύξω
921 3336 1014 3399 τέλος
1045 3335 1169 3398 καὶτὸν
1192 3333 1398 3412 ἀκειρεκόμαν

164 3437 284 3514 Φοίβον
307 3435 453 3514 χορεύων
475 3436 511 3500 ἐν
527 3436 594 3520 Κέῳ
618 3435 781 3518 ἀμφιρύτᾳ
804 3437 866 3500 σὺν
888 3437 1032 3502 ποντίοις
1056 3437 1229 3516 ἀνδράσιν,
1259 3437 1310 3502 καὶ
1339 3436 1398 3500 τὰν

165 3538 309 3617 ἁλιερκέα
328 3534 458 3618 Ἰσθμού
482 3537 613 3618 δειράδ’.
651 3538 758 3602 eodem
781 3537 880 3620 igitur
903 3539 1045 3618 tempere
1068 3542 1100 3602 et
1124 3537 1293 3620 epinieium
1315 3537 1397 3602 illud

164 3639 337 3704 Isthmium
360 3642 392 3704 et
415 3660 541 3706 carmen
565 3635 782 3723 prosodiacum
807 3640 991 3724 composuit,
1015 3641 1097 3724 quod
1120 3643 1230 3707 chorus
1252 3641 1398 3706 Geior'um

164 3743 249 3808 domi
271 3741 405 3808 disceret
421 3749 453 3808 et
468 3762 573 3810 coram
585 3744 787 3832 popularibus
804 3747 937 3822 caneret,
950 3747 1122 3827 antequam
1139 3745 1171 3808 in
1187 3743 1395 3808 sollemnibus

100 3925 104 3935 f
166 3848 302 3914 Deliacis
320 3848 396 3930 ipsis
418 3843 761 3929 recitaretur⁹)„''deios
788 3849 913 3914 saeculo
939 3851 1050 3930 quarto
1065 3849 1239 3930 lpuerorum
1267 3847 1396 3913 chorum

271 4145 290 4206 ¹)
309 4133 408 4194 Eodem
427 4141 505 4194 modo
524 4141 628 4194 saeculo
655 4140 750 4208 quinto
775 4139 924 4194 Pronomus
948 4139 1049 4194 tibicen
1073 4137 1217 4193 Thebanus
1242 4139 1400 4196 Chalciden·

165 4227 239 4281 sibus
256 4229 412 4297 προσόδιον
430 4229 459 4292 ές
477 4230 577 4295 Δῆλον
594 4228 744 4296 composuit
762 4227 850 4296 (Pars.
865 4225 948 4282 ylssr
969 4231 1007 4290 ιθ,
1026 4231 1062 4290 4).

269 4351 289 4419 ²)
308 4349 457 4418 Berghium
474 4349 503 4402 in
521 4349 572 4402 hac
589 4363 616 4401 re
634 4350 740 4401 secutus
758 4365 817 4401 sum
836 4346 954 4415 (PLG⁴I
967 4363 992 4415 p.
1004 4349 1075 4411 482),
1086 4345 1134 4400 elii
1146 4346 1227 4400 aliter
1245 4363 1301 4400 rem
1314 4345 1398 4414 expli-

166 4439 276 4499 carunt;
295 4435 327 4492 cf.
347 4434 509 4490 scholiastae
527 4435 619 4490 verba:
638 4440 699 4499 πάις
717 4435 770 4490 ούν
787 4437 822 4488 τὸ
846 4436 992 4502 Δηλιακὸν
1016 4433 1125 4501 ποίημά
1150 4449 1241 4500 φησιν
1266 4435 1344 4500 ᾄδειν
1368 4433 1400 4486 ἐν

166 4525 242 4593 titur,
268 4525 377 4592 μήποτε
405 4523 457 4578 odo
484 4523 798 4592 προαναλαμβάνοντας
824 4522 856 4576 έν
883 4527 946 4586 ταῖς
968 4520 1115 4594 πατρίσιν,
1144 4518 1178 4573 ού
1206 4518 1233 4573 ολ
1262 4519 1398 4587 χορευταί

147 4630 152 4637 ··
165 4610 309 4677 ἐμελέτων
327 4613 379 4676 τὰς
398 4610 474 4680 ῴδάς
491 4611 538 4664 καί
556 4610 651 4674 οὕτως
669 4609 808 4680 ἀπῄεσαν.
