3280 5100
271 529 305 592 ΙΙ

271 633 422 697 Βασίλεια
564 632 679 697 Ἡλίεια
811 635 961 700 Βασίλεια
1092 635 1295 714 Ἀσκληπίεια

212 736 246 800 ἐν
261 733 482 820 Ἀλεξανδρείᾳ
520 760 524 770 ·

272 864 323 928 III
375 867 538 946 ...ueru¹)
567 867 777 947 Ἑκατόμβοια
876 869 998 946 Ἴσθμια
1101 869 1251 933 Βασίλεια

871 975 1001 1049 πρῶτος
1051 971 1086 1034 ἐν
1107 972 1301 1055 Μακεδονίᾳ.

172 1089 257 1155 bunc
280 1089 444 1154 Nicoclem
474 1091 605 1154 exeunte
632 1090 756 1154 saeculo
779 1093 891 1170 quarto
919 1089 1035 1154 uixisse
1058 1091 1252 1173 eundemque
1276 1110 1341 1154 esse
1370 1109 1407 1155 ac

132 1185 135 1268 l
172 1192 332 1290 Nicoclem
356 1191 561 1256 Tarentinum
592 1192 810 1258 citharoedum
821 1193 866 1276 ⁹),
907 1193 996 1257 cuius
1030 1195 1209 1275 sepulcrum
1231 1193 1406 1259 Pausanias

42 1373 45 1383 ἡ
73 1319 93 1376 ¹5.
133 1298 135 1331 ²
170 1300 394 1363 commemorat
424 1295 453 1377 (Ι
476 1297 527 1376 37,
551 1296 587 1360 2ι
617 1298 668 1360 καὶ
692 1296 885 1361 Νικοκλέους
908 1297 1108 1375 Ταραντίνου
1131 1299 1200 1362 ἐστὶ
1223 1303 1344 1378 μνῆμα,
1368 1297 1407 1363 ὃς

51 1369 93 1428 ‘s
138 1410 145 1464 ι
171 1403 224 1466 ἐπὶ
246 1401 396 1482 μέγιστον
420 1400 517 1478 δόξης
541 1402 729 1483 κιθαρῳδῶν
753 1398 906 1464 ἁπάντων
929 1399 1050 1484 ἦλθεν),
1074 1403 1163 1465 acute
1181 1401 1408 1490 demonstravit

173 1505 357 1587 Kochler³).
395 1504 423 1567 is
446 1503 545 1586 igliur
568 1520 630 1565 non
653 1502 744 1565 modo
768 1501 919 1567 Graeciae
941 1503 1070 1568 musicis
1095 1503 1320 1588 certaminibus
1344 1503 1408 1567 fere

171 1609 304 1675 onnibus
326 1608 492 1686 interfuit,
528 1606 640 1671 sedin
663 1593 847 1694 Macedonia
869 1627 1005 1691 quoque,
1033 1609 1065 1673 in
1079 1609 1222 1692 Aegypto
1246 1612 1275 1674 et
1299 1608 1409 1673 Rhodo

172 1713 312 1794 praemia
326 1713 384 1777 sibi
401 1711 564 1793 quaesivit.
589 1728 690 1790 neque
708 1729 778 1778 vero
793 1712 964 1792 posteriore
987 1697 1091 1778 aetate
1115 1707 1146 1776 in
1163 1709 1293 1779 Graecia
1309 1718 1407 1777 certa·

173 1816 259 1880 mina
287 1815 407 1879 musica
436 1813 589 1879 celebrari
621 1814 797 1889 desierunt,
835 1815 933 1880 immo
963 1835 1111 1882 numerus
1139 1834 1275 1898 agonum
1304 1817 1408 1898 potius

172 1926 286 1986 auctus
308 1939 401 2002 quam
426 1919 613 1984 imminutus
631 1937 696 1982 esse
711 1919 853 2002 videtur3
877 1921 932 1983 sed
947 1922 1037 1986 vetus
1053 1920 1107 1984 ille
1123 1921 1230 1985 deerat
1252 1921 1408 2001 splendor,

172 2026 280 2090 aberat
304 2022 441 2104 dignitas
458 2021 515 2084 illa
530 2020 659 2085 nobilis:
683 2024 746 2085 iam
770 2021 855 2084 enim
876 2023 1103 2103 praeterierant
1119 2025 1271 2106 tempora,
1296 2021 1409 2104 quibus

173 2125 290 2190 summi
305 2128 425 2208 poetae,
448 2124 692 2206 ingeniosissimi
716 2125 830 2188 musici
853 2128 936 2188 artes
960 2143 1031 2189 suas
1048 2127 1087 2190 ad
1100 2144 1260 2190 summum
1276 2125 1407 2208 gradum

175 2230 381 2296 excoluerant.
405 2228 519 2310 incipit
544 2229 609 2292 ium
631 2247 725 2293 aurea
741 2228 896 2320 artificum
910 2227 1171 2310 Dionysiacorum
1194 2231 1247 2312 qui
1263 2229 1411 2294 dicuntur

67 2382 71 2392 ,
175 2337 277 2416 aetas,
313 2350 363 2397 eos
397 2332 481 2407 dico,
521 2333 573 2414 qui
616 2349 677 2396 non
712 2336 777 2395 tam
811 2325 950 2414 ingenio,
984 2317 1093 2414 quam
1114 2332 1299 2398 dexteritate
1335 2349 1411 2416 qua·

160 2423 258 2500 'dam'
285 2435 476 2500 excellebant
504 2436 664 2516 vitamque
696 2434 852 2518 degebant
885 2435 917 2498 in
940 2436 1162 2500 certaminibus
1185 2435 1315 2502 musicis
1338 2436 1410 2500 obe·

176 2539 268 2604 undis
291 2539 499 2622 praemiisque
531 2539 697 2620 reportatis
721 2539 896 2604 alebantur.
936 2541 1002 2618 hos,
1031 2558 1102 2604 cum
1125 2541 1227 2603 artem
1254 2557 1344 2604 suam
1372 2540 1411 2603 ad

177 2645 352 2710 mercedem
375 2647 603 2726 quaestumque
621 2643 829 2721 abduxissent,
864 2634 1028 2708 societates
1063 2643 1145 2707 inire
1168 2644 1410 2708 consentaneum

179 2748 261 2826 erat,
297 2747 332 2810 ut
354 2746 392 2810 de
416 2745 633 2810 communibus
663 2745 757 2810 rebus
785 2745 943 2810 coniuncti
966 2745 1164 2810 consulerent
1187 2750 1218 2809 et
1241 2745 1410 2810 consociati

178 2851 217 2914 ad
242 2849 416 2915 certamina
438 2849 566 2930 irent).
602 2851 697 2931 atque
730 2850 776 2912 ita
805 2849 1023 2930 explicandum
1054 2853 1117 2928 est,
1153 2849 1234 2930 quod
1264 2849 1336 2913 inde
1371 2849 1409 2912 ab

178 2953 351 3018 Alexandri
374 2956 479 3019 aetate
502 2953 536 3017 in
551 2953 697 3018 omnibus
715 2953 778 3017 fere
802 2953 851 3018 uel
868 2953 1024 3018 minorum
1040 2953 1167 3016 urbium
1185 2952 1408 3017 certaminibus

179 3056 326 3122 omnibus
350 3057 467 3122 artium
492 3058 684 3122 musicarum
714 3058 878 3140 generibus
901 3057 1002 3122 locum
1026 3057 1123 3120 fuisso
1147 3055 1305 3131 videmus,
1341 3073 1413 3118 cum

288 3311 307 3376 ¹)
326 3306 439 3370 Ἠλῐεια,
459 3309 490 3360 ut
508 3304 621 3370 videtur,
641 3305 820 3372 supplendum
839 3306 887 3358 est.

284 3397 303 3460 ²)
323 3394 380 3448 Hac
399 3408 502 3462 quoque
527 3392 615 3445 aetate
637 3389 793 3455 citharoedi,
812 3393 843 3444 ut
868 3389 973 3444 saeculo
996 3391 1077 3442 antea
1100 3387 1260 3442 Timotheus
1283 3387 1414 3452 Milesius,

99 3483 103 3491 '
177 3481 365 3551 dithyrambos
384 3496 488 3549 quoque
506 3479 661 3532 docuerunt.

285 3568 303 3631 ³)
322 3566 398 3621 Idem
417 3566 506 3620 docuit
523 3565 611 3618 filium
629 3564 711 3618 huius
729 3563 847 3616 Nicoclis
872 3577 927 3614 esse
944 3560 1106 3616 Aristoclem
1124 3561 1203 3615 illum
1222 3558 1417 3622 citharoedum,

178 3654 221 3706 cui
241 3668 321 3721 quam
340 3654 454 3706 maxime
479 3652 647 3719 Antigonum
673 3651 824 3704 Gonnatam
848 3648 944 3700 lauisse
968 3647 1120 3712 Antigonus
1139 3645 1277 3715 Carystius
1297 3648 1416 3698 testatur

178 3739 254 3807 (noh.
273 3740 344 3794 XIII
363 3745 412 3792 603
427 3758 454 3793 c:
485 3738 696 3804 Ἀντίγονος..
718 3775 724 3788 .
753 3738 864 3790 ἔπεισεν
895 3735 985 3788 αὐτὸν
1015 3735 1204 3799 συγκωμάσαι
1235 3733 1315 3798 αὐτῷ
1346 3732 1416 3799 πρὸς

181 3829 364 3900 Ἀριστοκλέα
382 3829 434 3882 τὸν
453 3827 622 3893 κιθαρῳδόν,
633 3825 667 3878 οὗ
687 3825 800 3891 σφόδρα
819 3825 875 3890 ἤρα
894 3821 1062 3887 δβασιλεύς,
1074 3819 1108 3873 cf.
1120 3820 1199 3886 Dicg.
1214 3815 1414 3880 Laert.V1113,

183 3917 360 3971 Wilamowita
379 3915 530 3981 Antigones
557 3927 581 3978 p.
613 3915 679 3976 117).
708 3909 788 3962 buius
815 3908 956 3962 Aristoclis
987 3905 1149 3974 discipulum
1175 3904 1316 3957 TImonem
1345 3902 1416 3956 idem

183 4003 335 4070 Antigonus
355 4001 495 4069 Carystius
514 3998 705 4051 commemorat
723 3995 796 4048 HIst.
815 3995 875 4047 cuir.
896 3998 945 4048 169
962 3993 1151 4060 (Wilamowitz
1170 3993 1188 4044 l.
1207 4007 1229 4044 c.
1248 4008 1276 4060 p,
1295 3994 1346 4057 23).

286 4089 306 4156 ⁴)
325 4089 445 4156 Egerunt
470 4085 502 4140 de
525 4082 659 4137 artificum
685 4082 907 4150 Dionysiacorum
932 4078 1053 4147 collegiis
1080 4077 1198 4132 Foucart
1226 4078 1265 4130 De
1293 4075 1416 4144 collegiis

182 4175 363 4230 scaenIcorum
382 4171 516 4226 artificum
535 4170 604 4238 apud
623 4169 738 4224 Graecos
757 4169 856 4236 (1873),
875 4165 974 4220 Ltders
999 4164 1048 4216 Die
1070 4162 1259 4231 dionysischen
1284 4162 1415 4215 Kiinstler

180 4263 280 4333 (1873),
312 4261 415 4328 Sauppe
443 4258 591 4313 Commeat.
619 4256 651 4309 de
677 4256 737 4310 coll.
765 4253 859 4308 attilia
888 4252 999 4305 scaenic.
1018 4250 1102 4304 artie.
1128 4249 1199 4319 (lud.
1218 4249 1302 4303 schol.
1321 4248 1416 4302 aestiv.

182 4349 306 4418 Gotttng.
328 4349 410 4414 1876).
433 4345 478 4400 sed
497 4344 602 4399 ultimis
622 4343 665 4396 bis
683 4341 763 4396 annia
785 4341 863 4394 tituli
881 4339 953 4394 baud
979 4338 1056 4407 pauci
1082 4337 1182 4406 reperti
1203 4339 1276 4403 sunt,
1305 4350 1418 4404 quorum

134 4452 139 4468 '¹
181 4436 282 4492 auxilio
302 4436 402 4490 certius
425 4432 553 4487 derebus
581 4430 741 4500 quibusdam
769 4426 897 4482 iudicium
925 4426 1041 4494 proferre
1067 4440 1217 4493 possumus.
1244 4424 1306 4478 nolo
1326 4424 1417 4476 autem

108 4502 110 4509 ’
183 4524 233 4578 boc
250 4524 307 4579 loco
327 4521 436 4590 singula
453 4519 604 4574 accuratius
623 4517 740 4570 tractare
758 4514 878 4582 satisque
890 4512 975 4566 habeo
988 4527 1027 4576 ea,
1040 4527 1108 4579 quae
1122 4511 1154 4564 ad
1169 4527 1269 4580 agonas
1283 4511 1417 4580 spectant,

162 4595 165 4600 ¹
183 4611 304 4665 breviter
322 4609 454 4677 tetigisse.
