3240 5112
1351 364 1395 429 59

136 551 191 616 eis
232 550 466 634 intellegimus,
497 566 576 632 quae
604 549 794 615 Plutarchus
816 549 921 616 Praec.
945 569 1009 634 ger.
1033 549 1079 614 rei
1101 551 1231 632 puhl.3
1262 549 1394 616 tradidit

137 653 207 736 (cf.
249 641 408 718 Wieseler¹
429 653 450 715 l.
481 669 507 716 o.
539 671 569 734 p.
600 651 662 716 198
693 655 762 718 adu.
794 653 861 734 83).
885 654 969 718 idem
992 653 1240 735 Epaminondam
1262 653 1393 734 choragi

136 773 283 820 munere
307 757 451 821 functum
475 773 542 818 esse
563 755 700 818 testatur
725 755 807 837 (Alc.
827 757 877 834 l):
901 758 1035 835 καὶγὰρ
1060 755 1331 834 Ἐπαμεινώνδας,
1354 756 1393 820 ὃν

137 860 276 925 πάντες
312 860 478 938 ἄνθρωποι
509 861 726 934 γινώσκουσιν
755 859 789 922 ἐν
818 859 911 942 πενίᾳ
941 861 991 923 καῖ
1018 860 1183 939 τραφέντα
1210 863 1311 942 πολλῇ
1342 860 1394 922 καὶ

141 963 330 1041 βιώσαντα,
365 964 416 1026 καὶ
448 962 589 1026 Πλάτων
618 962 637 1026 6
667 963 855 1041 φιλόσοφος
885 962 944 1026 οὐκ
973 961 1172 1040 ἀφιλοτίμως
1201 961 1393 1028 ἀνεδέξαντο

141 1067 319 1143 χορηγίας,
343 1065 361 1129 6
385 1067 441 1144 μὲν
464 1065 616 1142 αὐληταῖς
640 1063 807 1143 ἀνδράσιν,
831 1065 850 1128 6
875 1067 911 1129 δὲ
934 1065 1025 1129 παισὶ
1042 1065 1180 1129 κυκλίοις
1196 1066 1394 1143 χορηγήσας,

141 1169 260 1251 τούτῳ
294 1170 352 1245 μὲν
385 1168 517 1231 Δίωνος
549 1172 608 1231 τού
644 1167 869 1245 Συρακουσίου
905 1170 965 1246 τὴν
1002 1168 1149 1245 δαπάνην
1183 1169 1394 1246 παρέχοντος,

141 1257 397 1353 Ἐπαμεινώνδᾳ
419 1273 457 1334 δὲ
485 1273 551 1334 τών
573 1272 645 1348 περὶ
671 1270 867 1336 Πελοπίδαν.
891 1273 1089 1336 enuntiatum
1113 1275 1218 1336 autem
1242 1273 1394 1350 αὐληταῖς

142 1371 295 1449 ἀνδράσι
327 1375 476 1450 χορηγεῖν
504 1371 588 1435 idem
617 1372 711 1450 valet,
743 1375 825 1454 quod
854 1373 1012 1453 ἀνδράσιν
1041 1379 1205 1457 χορηγεῑν;
1234 1393 1333 1466 neque
1356 1375 1394 1438 de

142 1473 322 1538 tibicinum
347 1477 451 1556 aliquo
474 1474 567 1538 choro
590 1475 728 1558 cogitare
753 1476 836 1542 licet.
859 1477 905 1541 ita
929 1477 1152 1542 Demosthenes
1175 1477 1251 1544 XXl
1278 1476 1338 1542 156
1360 1495 1395 1539 se

147 1577 308 1655 αὐληταῖς
343 1577 483 1657 ἀνδράσι
517 1579 709 1658 choragiam'·
734 1580 922 1644 sustinuisse
955 1581 1054 1664 dicit,
1077 1581 1131 1645 ubi
1160 1584 1197 1644 de
1231 1583 1394 1645 cantorum

89 1731 91 1736 .
146 1679 250 1744 choro
283 1681 379 1746 verba
412 1682 480 1746 fieri
514 1681 720 1746 manifestum
756 1687 803 1747 est
837 1702 874 1745 er
907 1684 938 1760 ξ.
972 1685 1010 1747 ll
1047 1689 1078 1748 et
1111 1683 1180 1765 51¹)
1211 1683 1263 1764 (ol.
1298 1683 1394 1746 etiam

147 1782 292 1848 Aristot.
314 1786 400 1849 Poet.
414 1787 481 1866 26).
503 1785 537 1849 in
562 1785 692 1850 Boeotia
714 1786 819 1850 autem
844 1787 954 1850 eadem
976 1788 1125 1852 institute
1148 1786 1285 1850 valuisse
1300 1790 1394 1866 atque

144 1885 291 1950 Athenis
314 1886 401 1951 tituli
427 1889 582 1971 choragici
605 1886 790 1952 Orchomeni
812 1891 926 1970 roperti
950 1889 1394 1974 demonstrenthin'quorum

141 2007 212 2052 uno
249 1988 332 2068 (OIG
356 1989 451 2067 1579)
485 1991 561 2054 haec
584 1991 733 2074 legimus:
773 1993 917 2071 Μύριχος
939 1992 1173 2072 Πολυκράτὶος,
1198 1993 1393 2072 Ἱαρώνυμος

141 2093 349 2169 Διογίτονος
367 2093 522 2172 ἄνδρεσσι
544 2096 797 2173 χοραγείσαντες
813 2095 1003 2160 νικάσαντες
1026 2097 1195 2161 Διωνύσοι
1217 2097 1392 2172 ἀνέθεικαν,

143 2195 302 2274 Τίμωνος
324 2195 493 2274 ἄρχοντος,
517 2198 685 2272 αὐλίοντος
710 2199 860 2273 Κλεινίαο,
887 2196 1040 2263 ἀίδοντος
1062 2197 1289 2264 Ἀλκισθένιος.

259 2316 332 2380 Alia
365 2320 525 2399 praeterea
558 2317 591 2383 in
628 2319 758 2384 Boeotia
792 2324 863 2384 acta
895 2321 970 2384 suut
998 2321 1173 2400 sollemnia,
1202 2336 1291 2401 quae,
1321 2338 1394 2384 cum

149 2419 314 2501 gymnicis
348 2424 473 2486 tantum
507 2425 732 2489 certaminibus
764 2423 920 2488 celebrata
949 2443 1015 2488 esso
1045 2425 1219 2500 videantur,
1255 2422 1395 2488 breviter

147 2540 399 2589 commemorare
422 2527 499 2592 sat-is
521 2528 757 2594 habeo-veluti
774 2527 912 2591 Plateeis
936 2532 1007 2608 post
1030 2527 1167 2592 nobilem
1189 2525 1278 2590 illam
1295 2527 1393 2590 victo-

147 2625 235 2689 riam
269 2627 307 2690 de
342 2628 446 2693 Persis
468 2633 658 2711 reportatam
688 2631 825 2696 Aristide
853 2636 978 2695 eurctore
1009 2632 1119 2696 Graeci
1149 2630 1395 2707 πενταετηρικὸν

148 2730 266 2806 ἀγῶνα
287 2736 353 2795 τῶν
376 2731 586 2812 Ἐλευθερίων
615 2735 789 2799 instaurare
812 2736 1061 2813 decreverunup.
1091 2735 1184 2816 etque
1211 2733 1257 2796 ita
1285 2732 1394 2796 Boeoti

150 2834 227 2913 post
260 2834 426 2899 victoriam
449 2838 530 2917 apud
562 2838 685 2902 [lelium
715 2858 743 2904 a.
767 2838 807 2906 ol.
836 2839 888 2916 89,
915 2841 929 2902 1
957 2838 1035 2921 (424
1057 2859 1084 2904 u.
1108 2837 1194 2917 Ohr.)
1220 2839 1260 2901 τὰ
1289 2837 1394 2913 Δήλια

150 2993 360 3001 ——--——-—-

362 3081 462 3134 Πυθέα
480 3078 542 3143 υίὸς
560 3075 600 3134 δ’δ’
621 3082 681 3134 ἐστλ
702 3081 798 3135 Κλέων
817 3083 942 3148 Θηβαῖος
960 3082 1065 3144 ἀοιδάς,

416 3167 447 3229 ὃς
465 3165 617 3228 πλείστους
636 3169 752 3234 θνητῶν
772 3166 920 3232 ἀμφέθετο
939 3168 1103 3234 στεφάνους

363 3254 468 3319 κρατὸς
486 3253 531 3306 ἐπί
550 3253 703 3320 σφετέρου,
722 3255 769 3305 καί
788 3252 815 3306 ol
832 3254 913 3316 κλέος
931 3254 1134 3322 οὐρανομήκεις·

414 3345 504 3407 χαῖρε,
525 3339 629 3402 Κλέων,
650 3341 745 3407 Θήβας
763 3339 874 3406 πάτριδ’
893 3341 1083 3403 ἐπευκλεΐσας.

152 3444 216 3497 coll.
233 3443 306 3498 Plin.
334 3439 367 3494 N.
393 3443 426 3499 H.
457 3441 594 3497 XXXIIII
626 3448 659 3495 59
691 3441 815 3496 Cleonem
846 3444 926 3498 illum
959 3445 1143 3498 citharoedum
1174 3446 1270 3498 fuissse
1300 3445 1393 3512 colligi

152 3532 253 3598 potest.

260 3632 280 3696 ¹)
300 3631 333 3684 cf.
353 3632 459 3685 Boeclrh
477 3631 580 3686 Comm.
599 3649 637 3686 uc.
656 3632 743 3687 Berol.
766 3637 831 3685 1817
856 3650 880 3701 p.
900 3639 942 3697 64,
968 3634 1050 3686 Dinse
1067 3633 1085 3686 l.
1110 3649 1130 3686 ο.
1154 3648 1180 3697 p.
1203 3637 1245 3695 44,
1266 3630 1395 3685 Wieselcr

155 3719 305 3785 Satyrspiel
322 3734 348 3785 p.
359 3722 400 3781 47,
419 3717 507 3786 Bergk
526 3718 544 3770 l.
555 3733 577 3770 c.
596 3717 624 3772 ΙΙ
644 3723 697 3770 608
710 3718 774 3771 adn.
788 3720 831 3772 31.
845 3718 935 3780 eodem
948 3717 1025 3772 modo
1038 3718 1066 3771 in
1080 3719 1162 3770 titulo
1175 3717 1238 3770 Teio
1250 3715 1313 3772 olo
1325 3722 1393 3771 3089

155 3804 257 3870 scripta
284 3803 436 3855 invenimus
465 3804 599 3870 αὐλητῶν
627 3803 743 3872 ἀνδρῶν
769 3807 902 3872 χορηγός,
930 3820 1008 3872 quem
1035 3805 1134 3872 excipit
1161 3805 1289 3871 αὐλητής
1315 3819 1393 3862 unus.

155 3889 258 3958 optime
285 3888 375 3956 Bergk
402 3891 518 3942 contulit
545 3891 659 3942 titulum
686 3906 703 3943 a
729 3891 898 3946 Kirchhoffio
925 3892 1028 3945 editum
1053 3892 1136 3959 (Mon.
1166 3891 1224 3944 Ber.
1247 3891 1294 3942 der
1321 3890 1392 3943 Berl.

156 3976 299 4031 Academie
320 3979 385 4028 1859
402 3992 428 4043 p.
449 3980 499 4029 754
517 3992 544 4028 ιι.
565 3980 600 4041 8),
628 3977 657 4028 in
675 3993 729 4045 quo
747 3977 863 4044 legimus
882 3978 1042 4046 ἐχορήγουν
1060 3976 1173 4031 παίδων
1193 3977 1332 4042 αὐληταῖς
1346 4013 1353 4028 .
1365 4014 1388 4027 ..

156 4064 273 4130 ἀνδρῶν
292 4062 441 4127 αὐληταῖς.
468 4060 594 4114 tibicines
612 4062 683 4115 enim
702 4065 780 4130 longe
802 4065 920 4131 primum
940 4065 1028 4117 locum
1052 4064 1182 4118 tenebant
1204 4063 1251 4126 ita,
1275 4065 1308 4114 ut
1331 4061 1393 4115 cho-

154 4166 248 4204 rorum
273 4149 416 4218 lyricorum
439 4149 548 4217 choragi
572 4150 775 4202 nominarentur
799 4149 942 4205 tibicinum
968 4150 1085 4217 ohomgi.
1110 4151 1202 4216 itaque
1220 4148 1244 4200 si
1262 4148 1290 4201 in
1309 4150 1393 4202 titulo

157 4237 218 4289 hesi
236 4235 345 4288 invento
363 4234 585 4303 (Investigstious
603 4238 632 4288 at
650 4236 763 4290 AssosI
786 4253 812 4303 p.
831 4241 891 4300 137)
919 4235 984 4289 urbs
1009 4235 1139 4302 quaedam
1170 4234 1291 4288 coronari
1317 4234 1394 4288 iubet

155 4321 381 4390 civemquendem
392 4322 457 4375 berre
475 4323 601 4375 meritum
615 4321 777 4386 Διονυσίοις
794 4323 928 4390 αὐλητιῖιν
947 4324 982 4391 τῇ
1002 4323 1104 4390 πρώτη
1123 4322 1224 4391 ἡμέρᾳ,
1242 4321 1272 4374 id
1290 4322 1394 4375 nonde

156 4407 285 4460 tibiarum
303 4423 423 4460 assarum
441 4401 530 4472 cantu,
550 4407 595 4460 sed
618 4409 651 4460 de
674 4408 778 4473 choris,
798 4409 844 4475 qui
863 4408 939 4460 tibiis
958 4407 1144 4461 occinentihus
1162 4406 1304 4471 conehant,
1327 4406 1395 4459 acci·

155 4493 280 4560 piendum
300 4509 355 4546 esse
372 4493 487 4547 videtur.
673 4553 678 4566 ,

261 4599 280 4663 2)
300 4597 371 4649 Ριιι.
393 4597 474 4650 Aret.
493 4603 534 4663 21,
555 4596 650 4651 screno
668 4597 753 4652 vrrur
773 4603 831 4663 ecc,
850 4597 929 4650 naus.
949 4596 1032 4652 vrrrr
1050 4599 1075 4661 a,
1093 4603 1117 4650 ι.
