3240 5112
424 545 716 613 ...ΟΣΚΡΑΠΟΙΝΙ
737 545 779 624 (l)
804 543 936 620 νικήσας
959 541 1106 618 ἀνέθηκίε

417 649 529 728 χορίωι
552 650 602 712 καὶ
626 651 814 724 κωμωιδοίς,
838 646 943 724 Χάρης
967 645 1106 724 Θηβαῖος

414 751 510 830 ηὔλει,
533 749 741 827 Σπενσεάδης
759 744 928 826 Ἀθηναῖος
942 745 1128 829 [ἐδίδασκελ

149 891 195 954 de
220 908 279 973 quo
302 889 467 956 manifesto
490 891 635 972 corrupto
659 889 779 952 certum
802 885 953 950 iudicium
974 883 1106 967 proferri
1129 883 1249 966 nequit.
1272 881 1399 946 Boeckb

151 992 285 1076 quidem
308 994 413 1058 omnia
434 1011 509 1058 sana
531 991 664 1074 putavit,
695 989 785 1056 lincis
810 991 839 1056 1.
862 993 893 1054 et
915 989 945 1055 2.
968 989 1026 1053 boc
1055 987 1145 1054 modo
1169 984 1342 1051 emendatis
1364 987 1399 1048 et

150 1096 325 1178 suppletis:

467 1199 622 1278 Χορηγῶν
644 1198 776 1276 νικήσας
800 1193 934 1272 ἀνέθηκε
1031 1256 1034 1260 ,

469 1297 699 1387 [κοκλίιμ]χορῷ
722 1301 773 1364 καὶ
795 1299 1021 1382 κωμῳδοῖς...
1057 1343 1064 1359 .

153 1443 190 1505 at
213 1459 314 1522 neque
337 1437 475 1504 tibicinis
505 1457 617 1503 nomen
646 1437 679 1502 in
709 1437 935 1501 comoediarum
966 1433 1237 1499 commissionibus
1265 1431 1395 1512 dignum

154 1548 228 1609 erat
238 1541 263 1628 ¹)
275 1543 356 1625 quod
372 1544 677 1620 commemoraretur,
686 1558 785 1622 neque
800 1538 932 1604 eundem
950 1539 1107 1604 hominem
1120 1537 1248 1601 chorum
1260 1533 1396 1615 cycliurn

155 1648 190 1712 et
214 1646 402 1712 comoediam
425 1647 566 1711 docuisse
594 1645 660 1708 veri
683 1644 789 1708 simile
813 1647 870 1720 est,
895 1661 994 1724 nequo
1017 1640 1181 1706 tibicinem
1204 1643 1242 1705 ad
1266 1637 1395 1703 chorum

156 1751 303 1833 cyclium‚
325 1749 514 1832 magistrum
525 1749 564 1812 ad
581 1747 741 1812 comoedos
758 1744 873 1809 referre
889 1745 972 1822 licet,
996 1763 1186 1810 cumeorum
1210 1739 1339 1806 nomina
1362 1738 1394 1800 in
1440 1781 1442 1786 ⁷

155 1854 260 1935 lapide
283 1853 440 1918 artissime
463 1851 628 1914 coniuncta
651 1850 725 1912 sint.
750 1864 828 1930 quae
852 1865 924 1912 cum
947 1849 993 1912 ita
1015 1847 1087 1919 sint,
1111 1847 1144 1910 in
1161 1845 1264 1909 uerbis
1282 1842 1397 1921 χορίωι

156 1957 213 2020 καί
247 1957 428 2033 κωμωιδοῑς
462 1969 596 2016 errorem
632 1950 827 2016 Fourmontii
863 1949 988 2016 subesse
1021 1951 1108 2032 puto,
1145 1947 1199 2029 qui
1221 1961 1280 2027 quo
1303 1941 1397 2007 modo

158 2057 367 2139 expediendus
401 2056 454 2139 sit,
492 2055 672 2121 coniectura
705 2055 834 2136 adsequi
869 2053 950 2117 velle
983 2053 1183 2116 temerarium
1218 2044 1393 2127 videturl).

157 2160 241 2226 alius
264 2177 385 2242 quoque
408 2157 532 2240 titulus,
561 2178 653 2240 quem
677 2158 776 2222 edidit
798 2156 939 2223 Koeblcr
958 2155 1067 2222 Mittb.
1098 2155 1127 2220 d.
1152 2154 1182 2218 d.
1207 2153 1290 2218 arob.
1314 2149 1396 2214 Inst.

158 2263 208 2326 ΙΙΙ
238 2263 302 2326 229
331 2261 565 2346 (Dittenberger
599 2261 676 2344 Syll.
699 2260 787 2344 422),
811 2263 850 2326 ad
872 2261 1032 2344 jquaenam
1068 2261 1187 2341 spectet
1220 2254 1397 2322 certamina

159 2369 243 2430 certe
265 2363 431 2432 diiudicari
455 2365 581 2447 nequit:

566 2486 787 2570 [Τιμο]σθένης
806 2485 984 2550 Μειξιιινίδο

450 2606 452 2609 ’
562 2591 757 2668 Μειξιονίδης
779 2589 976 2668 Τιμοσθένος

561 2693 781 2771 Κλεόστρατος
796 2693 994 2771 Τιμοσθένος

469 2795 708 2880 [χίορηγοῦντες
729 2797 916 2873 νικήσαντες
939 2793 1122 2878 ἀνέθεσαίν]

469 2897 546 2981 [driu
564 2899 731 2963 Διονύσωι
753 2899 964 2977 adscisceret
979 2897 1188 2980 τὸμ[βιμμόν].
1235 2912 1240 2918 ’

264 3123 282 3189 ¹)
301 3121 343 3174 An
362 3120 395 3174 de
412 3119 522 3174 tibicine
540 3119 715 3190 cogitandum
734 3121 782 3186 est,
800 3120 847 3188 qni
865 3119 894 3172 in
912 3119 1030 3186 singulis
1050 3115 1200 3170 comoediae
1218 3132 1301 3169 novae
1313 3115 1398 3168 intar-

164 3208 249 3273 vallis‚
276 3223 344 3277 quae
372 3207 516 3260 intervalla
542 3206 607 3260 olim
631 3207 661 3260 in
687 3206 824 3261 comoedia
847 3205 960 3272 antiqua
984 3203 1059 3257 chori
1081 3201 1193 3256 canticis
1211 3202 1398 3270 explebantur,

164 3297 321 3364 spectatores
349 3297 431 3347 cantu
455 3309 503 3346 suo
522 3293 666 3352 delectasse
684 3293 812 3346 videtur?
835 3291 868 3344 ef.
894 3291 983 3344 Plaut.
1009 3289 1107 3343 Pseud.
1129 3294 1191 3344 551:
1215 3281 1327 3342 Tibicen
1349 3305 1398 3342 vos

164 3382 263 3434 interea
280 3379 324 3434 hic
351 3373 525 3433 delectaverit
553 3378 597 3444 (cf.
618 3380 717 3431 Donat.
736 3393 794 3446 arg.
819 3376 922 3441 Anda).
945 3391 1030 3444 neque
1054 3391 1116 3430 vero
1140 3376 1223 3430 audeo
1248 3375 1283 3428 ad
1306 3391 1396 3428 vocem

163 3471 236 3536 χορῷ
256 3463 439 3534 explicandam
458 3462 585 3516 adhibere
602 3462 699 3515 titulos
717 3462 859 3532 Delphicos
885 3462 955 3532 apud
974 3462 1148 3516 Wescherum
1172 3465 1199 3516 et
1223 3461 1395 3515 Foncartium

165 3553 244 3606 Inaor.
263 3551 295 3605 de
313 3550 411 3620 Delph.
430 3555 526 3614 e.-6.,
544 3549 573 3602 in
592 3549 688 3618 quibus
707 3551 770 3618 post
793 3550 930 3604 comoedos
954 3551 1144 3604 enumerantur
1167 3548 1302 3615 αὐλητής,
1322 3548 1398 3602 διδά-

165 3641 272 3707 σκαλος,
290 3640 391 3706 septem
409 3639 545 3706 χορευταί
563 3635 697 3704 κωμικοίχ
716 3636 750 3690 cf.
769 3635 871 3689 Liiders
889 3637 908 3690 l.
927 3655 948 3690 c.
967 3653 992 3705 ρ.
1013 3641 1070 3690 118.

266 3741 287 3805 ²)
314 3740 403 3793 Pauca
430 3740 463 3793 de
490 3740 593 3805 ceteris,
613 3739 660 3806 qui
687 3738 721 3791 ad
749 3739 899 3792 certamina
927 3739 1047 3794 scaenica
1078 3741 1209 3808 spectant,
1228 3737 1321 3792 titulis
1350 3738 1396 3790 bic

166 3823 288 3878 adnotare
299 3824 368 3878 nolo.
384 3825 569 3892 fragmentum
585 3825 647 3879 cle
659 3828 710 3904 228
730 3811 995 3890 ..stl’oruaodorcffss¹
1007 3828 1170 3892 κωμωιδοῖς
1187 3824 1221 3878 ad
1240 3823 1395 3892 choragism

167 3911 291 3964 comieam
314 3910 478 3979 pertinuisse
496 3911 625 3964 manifest
627 3925 671 3964 um
690 3913 739 3964 est
746 3907 963 3987 leynchoragiam
982 3914 1072 3985 quarti
1090 3911 1189 3964 saeculi
1212 3912 1292 3978 parte
1310 3909 1398 3978 priore

167 3999 193 4050 in
218 3996 416 4078 comoediarum
446 3994 638 4050 certaminibus
667 3983 825 4074 nondum
814 3997 899 4050 abolit
887 3999 945 4052 tam
972 3998 1055 4051 luisse
1084 4000 1155 4051 testa
1157 3998 1203 4048 tur
1232 3993 1400 4070 epigramma

167 4064 290 4150 (Kaibel
287 4087 357 4150 925),
377 4083 449 4152 quod
468 4083 557 4153 lapide
575 4071 661 4137 denuo
670 4083 800 4168 inspecto
819 4082 934 4136 Kochler
952 4071 1046 4137 Mittb.
1065 4082 1090 4136 d
1109 4083 1136 4136 d
1160 4082 1232 4136 arch.
1256 4080 1326 4134 Inst
1349 4080 1394 4134 Ill
1497 4065 1501 4078 ’

166 4175 209 4224 348
228 4173 334 4226 accurat
336 4170 378 4224 ius
395 4169 481 4224 edidit
469 4161 603 4239 tiaeque
620 4169 706 4238 igitur
723 4171 794 4222 recte
812 4167 958 4222 scholiasta
980 4169 1057 4224 Arist
1058 4167 1119 4236 oph
1142 4167 1210 4222 Rau.
1228 4170 1279 4219 406
1307 4164 1390 4219 dixit:
1463 4215 1466 4228 ‚

165 4259 254 4326 χρόνῳ
272 4259 303 4312 δὲ
321 4259 445 4326 ὕστερον
459 4255 575 4324 (postol.
586 4259 619 4308 93
621 4258 666 4321 ,3)
685 4257 719 4310 od
733 4257 830 4324 πολλιμ
849 4271 905 4308 τινι
924 4257 970 4308 καί
983 4256 1112 4310 καθάπαξ
1124 4255 1248 4322 περιεῖλε
1262 4249 1397 4317 Κινησίας
1464 4275 1466 4301 ι

166 4345 210 4408 τὰς
222 4343 366 4412 χορηγίας,
386 4344 419 4396 cf,
438 4341 499 4398 Old
517 4343 548 4398 11
566 4341 653 4396 trid.
672 4339 706 4396 ad
730 4340 886 4410 choragiam
904 4342 1030 4396 comicam
1055 4339 1194 4395 referenda
1213 4339 1338 4392 videntur
1354 4353 1392 4398 ea,

166 4446 225 4498 qnae
252 4429 412 4484 Aristoteles
439 4427 497 4482 1³01.
519 4427 588 4482 VIII
612 4433 627 4481 6
651 4426 781 4492 narravit,
805 4427 839 4482 cf.
864 4445 889 4496 ρ.
909 4433 940 4482 15
959 4429 1018 4483 adn.
1038 4435 1063 4483 3.
1081 4427 1195 4481 titulum
1213 4424 1395 4492 choragicum,

167 4516 205 4582 qui
218 4516 251 4569 ad
264 4517 411 4569 certamina
422 4517 527 4583 tragica
536 4516 649 4582 spectat,
665 4513 737 4566 Plut.
751 4513 845 4566 Tbem.
859 4519 874 4565 b
888 4515 1014 4566 rettulit:
1028 4515 1222 4578 Θεμιστοκλῆς
1235 4508 1394 4577 Φρεάρριος

168 4601 297 4667 ἐχορήγει,
316 4602 457 4670 Φρύνιχος
474 4599 632 4662 ἐδίδασκεν,
651 4597 835 4664 Ἀδείμαντος
853 4600 941 4667 ήρχεν
961 4600 994 4666 (a.
1015 4597 1094 4661 478l7
1113 4613 1135 4650 a.
1156 4596 1237 4663 Chr).
