3240 5112
705 1347 831 1450 caput
856 1346 887 1428 Ι.

242 1559 304 1654 De
337 1553 679 1674 antiquissimis
713 1533 985 1650 Graecorum
1024 1553 1356 1652 certaminibus

696 1715 901 1788 musncns.
966 1707 968 1710 ’

750 1920 852 1928 a-———-

286 2078 339 2174 Ut
372 2106 513 2170 omnium
551 2105 617 2170 iere
653 2105 874 2170 institutorum
911 2105 1094 2188 primordia,
1132 2103 1177 2169 sic
1212 2107 1420 2169 certaminum

184 2226 303 2290 qunque
325 2209 517 2274 musicorum
541 2209 677 2293 origines
699 2209 900 2291 antiquitatis
930 2207 1067 2274 tenebris
1089 2210 1219 2274 obrutae
1240 2209 1325 2276 sunt.
1364 2227 1421 2291 po-

184 2310 317 2374 steriore
339 2312 443 2374 aetate
464 2309 667 2392 grammatici
690 2314 721 2374 et
744 2329 849 2376 rerum
878 2313 1041 2396 gestarum
1070 2312 1251 2393 scriptores,
1287 2311 1342 2393 qui
1376 2329 1421 2390 aa,

185 2431 264 2494 quae
288 2415 344 2478 ant
366 2413 548 2478 nesciebant
575 2415 632 2479 aut
662 2433 773 2496 parum
806 2418 966 2496 comperta
994 2412 1166 2495 habebant,
1190 2413 1285 2476 uariis
1307 2413 1421 2479 fabulis

185 2533 332 2580 exornare
355 2516 510 2595 solebant,
532 2521 695 2600 poetarum
712 2533 833 2598 quoque
857 2517 1030 2580 certamina
1053 2515 1093 2579 ad
1110 2513 1328 2596 antiquissima
1342 2517 1421 2580 tem-

185 2638 261 2702 pora
283 2619 491 2703 rettuleruut3
515 2619 629 2702 quibus
645 2621 684 2684 de
706 2619 948 2686 narratiunculis
963 2619 1056 2700 plura
1071 2617 1174 2681 dicere
1190 2617 1375 2698 supersedeo
1385 2617 1420 2702 ¹).

287 2721 383 2803 Apud
405 2721 579 2786 Homerum
594 2721 802 2787 certaminum
817 2723 1007 2787 musicorum
1025 2719 1150 2785 nullum
1167 2720 1301 2784 occurrit
1325 2723 1419 2787 vesti·

185 2824 291 2908 gium3
307 2843 381 2890 nam
394 2844 473 2908 quae
486 2825 524 2890 do
537 2825 726 2910 Thamyride
738 2826 898 2908 musisque
911 2822 1107 2890 certantibus
1119 2823 1152 2886 in
1164 2822 1274 2887 Iliadis
1286 2825 1420 2889 carmine

184 2929 282 2992 altero
304 2929 470 2993 narrantur
496 2932 559 3010 (vv.
582 2927 647 2994 594
669 2931 742 3014 sq),
766 2929 894 2994 navium
925 2930 978 3011 qui
1002 2928 1117 2993 dicitur
1141 2927 1283 3011 catalogo
1306 2929 1420 2994 inserta

185 3031 270 3112 sunt,
295 3049 388 3110 quom
411 3036 518 3096 recens
541 3033 794 3100 additamentum
818 3053 884 3099 esse
907 3051 998 3098 neme
1021 3033 1128 3096 nescit.
1167 3031 1420 3114 antiquissimum

186 3136 293 3197 autem
316 3133 551 3218 testimonium,
587 3154 646 3216 quo
670 3137 708 3200 de
731 3136 858 3200 musicis
881 3135 1031 3216 agonibus
1056 3133 1173 3197 certius
1197 3133 1318 3215 aliquid
1340 3153 1420 3199 corn·

185 3235 334 3318 perimus,
358 3254 466 3300 versus
488 3237 538 3300 illi
561 3229 630 3301 esse
647 3239 795 3303 ridentur
816 3239 850 3302 iu
872 3237 1001 3300 Hesiodi
1026 3237 1106 3319 Opp.
1130 3241 1161 3300 et
1184 3236 1264 3300 dieb.
1279 3238 1343 3304 654
1365 3256 1420 3320 sq,

185 3339 241 3420 qui
274 3357 401 3422 versus,
441 3357 631 3422 quamquam
666 3360 717 3406 eos
748 3341 787 3406 ab
824 3341 890 3422 ipso
919 3339 1056 3404 Hesiodo
1086 3341 1219 3420 scriptos
1249 3358 1315 3404 esse
1338 3346 1420 3406 recte

185 3441 326 3506 homines
349 3441 434 3507 docti
456 3459 569 3524 negare
591 3443 744 3526 videntur,
769 3445 875 3507 tamen
899 3443 967 3508 sine
990 3443 1082 3508 dubio
1105 3445 1170 3507 iam
1194 3443 1418 3525 antiquissimis

186 3545 379 3627 temporibus
390 3545 570 3628 interpolati
588 3549 681 3611 sunt
694 3565 794 3630 neque
817 3566 861 3632 ea,
875 3566 953 3630 quae
964 3547 1008 3612 ibi
1024 3549 1062 3612 de
1075 3546 1341 3629 Amphidamante
1356 3552 1419 3612 tra·

184 3650 312 3729 duntur,
335 3649 421 3713 omni
443 3648 646 3716 fundamento
668 3669 771 3717 carere
794 3651 902 3717 Rohde
924 3650 1047 3716 monuit
1069 3652 1151 3717 Mus.
1173 3650 1274 3716 Rben.
1286 3649 1419 3720 XXXVI

183 3750 251 3816 420
274 3769 341 3834 sqq.
366 3751 420 3835 (cf.
443 3751 533 3833 427).
558 3755 689 3835 accedit,
725 3755 806 3838 quod
836 3755 956 3820 multae
979 3755 1054 3820 illae
1076 3753 1247 3839 fabulosi),
1277 3774 1356 3840 qnae
1386 3757 1419 3820 de

293 3957 313 4023 ι)
332 3956 366 4011 cf.
384 3955 488 4010 Lebeok
514 3957 717 4026 Aglaopbarnus
743 3957 757 4010 I
785 3963 836 4012 327
855 3973 902 4027 sq,
931 3958 962 4014 Ε.
989 3957 1082 4012 Robde
1108 3958 1177 4013 Mus.
1197 3960 1281 4013 Rhea.
1308 3960 1420 4016 XXXVI

183 4045 238 4094 419
273 4040 349 4104 adm,
386 4041 498 4110 Lafaye:
537 4043 577 4096 De
611 4046 749 4112 poetarum
781 4047 809 4098 et
839 4048 976 4098 oratorum
1004 4046 1194 4098 certaminibus
1224 4045 1295 4113 apud
1322 4049 1419 4101 veteres

185 4127 323 4193 (Lutetiae
340 4126 507 4182 Parisiorum
526 4131 604 4198 1883)
623 4146 649 4198 p.
670 4136 682 4182 1
703 4145 741 4198 sq.
754 4159 788 4170 -
801 4130 902 4199 Lafayo
919 4147 982 4184 sane
1001 4131 1183 4198 grammatici,
1203 4131 1249 4198 qui
1268 4132 1417 4199 Homerum,

184 4214 405 4284 Chrysothemin,
423 4214 594 4270 Eleutherum
613 4217 643 4270 in
660 4231 761 4286 agonas
780 4217 967 4272 descendentes
984 4216 1131 4282 inducunt,
1156 4233 1208 4270 non
1229 4219 1419 4284 satisfecerunt,

183 4300 233 4352 sed
251 4300 431 4369 Amphionem
449 4317 560 4370 quoque,
574 4303 762 4370 Demodocnm,
776 4303 966 4374 Creophylum‚
980 4303 1048 4356 alios
1061 4301 1254 4357 certaminibus
1267 4305 1419 4360 interfuisse

187 4385 245 4439 ueri
263 4387 352 4440 simile
370 4403 426 4440 osso
447 4388 574 4456 opinatur
592 4391 628 4458 (p.
647 4393 685 4456 4).

291 4474 311 4542 ²)
340 4471 443 4543 Hygin.
470 4473 525 4528 fab.
553 4480 618 4542 272,
647 4475 722 4532 Plut.
751 4475 861 4543 Quaest.
889 4491 965 4530 conr.
991 4473 1057 4540 V2‚
1082 4473 1239 4544 Bernhardy
1267 4475 1340 4533 Hiat.
1368 4477 1418 4530 litt

187 4573 229 4625 gr.
248 4557 275 4614 1⁴
293 4563 353 4622 302.
