3240 5112
1387 371 1427 436 27

189 557 356 637 plicantur,
380 557 515 639 legimus
532 558 628 622 baec:
653 561 704 622 καὶ
728 559 925 636 ἐξηγήσαντό
950 566 1048 635 τινες,
1073 559 1121 622 ὅτι
1144 563 1212 623 τοῖς
1237 561 1429 653 θαρνηλίοις
1467 601 1474 639 ,ι

191 665 281 752 δτοίν
283 664 458 758 φυλαῖν
430 660 475 724 εἷς
464 661 636 751 μόνος
619 663 794 750 καθίστατο
818 663 984 739 χορηγόςρ
980 643 1064 726 ίτοῑς
1088 665 1125 726 δὲ
1148 661 1295 739 μεγάλοις
1311 665 1430 736 Διονυ-
1464 675 1466 712 i

192 744 278 829 σίοίς
293 740 568 853 Ἀνθεστηριῶνος
585 766 696 843 μηνός
719 767 868 829 πλείονος
889 765 976 849 αὐτῷ
985 762 1117 842 τιγνομέ
1118 773 1176 842 νης
1199 769 1257 842 τῆς
1274 767 1430 844 δαπάνης
1501 845 1509 855 Ἰ,
1615 779 1616 782 ’

194 849 240 932 είς
264 869 404 946 χορηγὸς
429 867 573 960 ἑκάστας
592 871 697 959 φυλῆς
720 869 906 932 καθίστατο.
912 857 1011 952 ίττττ
1031 867 1238 949 colligendum
1256 887 1321 932 esse
1337 872 1429 949 puta·
1474 853 1499 878 ²

190 951 271 1034 bant
281 951 433 1034 bomin6s
457 953 541 1034 docti
567 969 617 1049 (f
636 955 769 1034 boucart
785 970 807 1032 l.
756 971 863 1051 το.)
888 970 976 1060 binas
997 989 1117 1052 semper
1132 970 1233 1034 tribus
1251 973 1430 1035 coniuncta6

193 1093 291 1138 unum
322 1075 448 1138 chorum
481 1073 659 1155 praebuisse
683 1073 876 1156 Τττταοτίττί,
913 1073 1054 1158 singulas
1083 1073 1187 1138 tribus
1211 1070 1404 1156 dionysiis
1397 1095 1428 1138 rn

194 1180 351 1240 certamen
380 1177 581 1240 descendisse.
618 1181 649 1240 et
678 1197 711 1240 rs
734 1195 806 1240 vera
828 1195 863 1240 ex
887 1177 1082 1256 Antiphonte
1106 1174 1160 1253 VI,
1190 1175 1227 1240 11
1258 1179 1427 1260 choragum

192 1283 347 1362 quendam
392 1283 514 1344 saeculo
550 1280 659 1362 quinto
693 1285 821 1344 exeunte
856 1280 987 1344 duarum
1021 1280 1159 1343 tribuum
1195 1281 1430 1345 coniunctarum

192 1385 318 1448 chorum
343 1383 528 1446 instruxisse
557 1382 733 1465 Thargciiis
768 1385 963 1463 compertum
991 1384 1161 1448 habemus:
1198 1387 1230 1447 et
1263 1386 1296 1448 in
1326 1385 1428 1448 tribus
1485 1384 1498 1458 ’,

193 1505 313 1568 ατοατο
348 1485 380 1548 in
405 1485 512 1566 Pythii
540 1485 666 1568 regione
690 1486 728 1551 ad
751 1485 878 1551 Ilissum
905 1489 1036 1568 repertis
1059 1487 1163 1550 titulis
1190 1487 1282 1550 binae
1305 1505 1430 1568 semper

193 1589 375 1652 coniunctae
389 1593 472 1652 'sunt
494 1588 606 1653 tribus.
632 1591 685 1654 sed
708 1591 805 1654 etiam
828 1589 858 1652 in
883 1589 979 1652 titulo
1003 1590 1039 1652 ad
1065 1590 1185 1654 radices
1208 1592 1430 1654 meridionaios

194 1694 274 1757 areis
297 1693 427 1755 inuento
453 1692 576 1774 (Mitth.
602 1692 630 1758 d.
654 1693 681 1756 d.
707 1693 788 1756 arch.
808 1693 884 1756 inst.
909 1693 939 1755 Π
965 1693 1040 1775 189)
1073 1681 1152 1758 κίττα
1175 1694 1276 1758 tribus
1300 1695 1427 1758 coniun-

193 1797 310 1878 guntur
332 1795 476 1874 idemque
499 1795 584 1856 valet
606 1797 649 1858 de'
666 1793 769 1856 titulis
786 1792 858 1856 616
880 1794 944 1858 216
968 1796 999 1856 et
1022 1795 1094 1868 220,
1118 1797 1171 1876 qui
1205 1815 1264 1879 quo
1288 1797 1354 1860 loco
1378 1799 1428 1859 in-

194 1901 281 1962 venti
311 1899 395 1972 sint,
429 1900 601 1980 ignoratur.
641 1897 721 1960 nihil
744 1897 843 1976 igitur
866 1898 942 1960 certi
965 1899 1037 1961 inde
1060 1899 1201 1962 concludi
1225 1903 1345 1980 potest3
1369 1897 1429 1962 hoc

194 2004 376 2065 autemsta
377 2005 465 2064 t·uere
488 2001 574 2076 licet,
599 2000 681 2080 quod
704 1999 804 2063 adbuc
819 2001 960 2063 hommes
977 2001 1083 2063 doctos
1107 2001 1199 2084 fugit,
1177 2001 1312 2066 tbinas
1328 2001 1428 2066 tribus

194 2103 377 2167 coniunctas
401 2121 560 2200 nusquam
590 2101 723 2164 inveniri
754 2099 814 2164 nisi
845 2103 878 2164 in
908 2121 1073 2185 puerorum
1104 2099 1260 2192 choris¹)'.
1300 2101 1431 2186 quando
1493 2113 1497 2120 ’

195 2201 302 2270 cirtem
327 2207 357 2269 et
380 2189 493 2288 quibus
510 2206 662 2268 decausis
679 2191 842 2268 binesi
792 2223 830 2268 ve
831 2185 996 2288 isinguias
1018 2205 1119 2269 tribus
1135 2225 1302 2288 puerorum
1320 2207 1429 2270 choros

195 2310 373 2390 praebuisse
397 2310 601 2374 statuendum
625 2309 677 2390 sit,
702 2309 834 2372 fortasse
856 2309 975 2372 noviti
978 2307 1070 2371 iuli
1062 2313 1170 2372 invent
1173 2309 1182 2372 i
1157 2309 1280 2372 tolim
1305 2312 1429 2374 demon·

194 2415 350 2480 strabuni.
380 2413 442 2494 'qui
465 2413 539 2476 dum
564 2359 685 2494 praesti)
709 2429 768 2474 non
793 2416 876 2485 sunt,
902 2409 1036 2490 ingenue
1067 2411 1159 2473 fateri
1197 2410 1345 2475 debemus
1372 2429 1426 2474 nos
1478 2471 1480 2478 .

194 2516 424 2590 dedicationes,
463 2534 540 2597 quae
574 2518 612 2579 ad
644 2515 792 2597 Dionysia
825 2531 965 2594 quaeque
998 2513 1037 2576 ad
1070 2514 1237 2596 Thargelia
1272 2515 1427 2594 spectent,

195 2619 268 2682 dist'
246 2623 390 2701 trnguere
414 2635 473 2682 non
496 2636 592 2700 posse
631 2618 683 2680 sed
706 2617 839 2680 fortasse
862 2615 914 2678 hic
936 2632 1056 2696 quoque
1081 2615 1210 2680 diversis
1234 2615 1430 2698 temporibus

195 2720 346 2784 diversa
338 2721 450 2784 rnstitu
389 2719 665 2784 ttut.avaiebant

298 2847 487 2910 Verumt
433 2853 487 2910 αττ
490 2865 601 2926 equam
618 2849 766 2927 ipsostrt
725 2847 836 2910 titulos
860 2846 1040 2928 choragiccs
1066 2865 1247 2926 proponam,
1271 2864 1372 2928 pauca
1395 2847 1432 2910 de
1520 2885 1522 2890 ·

197 2947 330 3032 singulis
354 2965 461 3012 eorum
493 2949 637 3028 partibus
660 2950 891 3028 praemittenda
917 2949 1078 3011 videntur:
1110 2953 1147 3013 de
1171 2949 1265 3012 variis
1289 2949 1432 3014 formulis

194 3054 228 3116 in
256 3055 299 3116 eis
322 3055 453 3134 usurpa
455 3071 482 3115 rs
440 3051 588 3115 infra
612 3051 676 3115 dre
662 3055 762 3115 urus
792 3053 907 3115 etenim
931 3051 1011 3116 solet
997 3051 1073 3114 tin
1096 3052 1146 3115 his
1170 3052 1274 3116 titulis
1297 3071 1431 3117 comme·
1488 3101 1514 3115 .,

196 3155 311 3220 morari
335 3155 442 3256 tribqs
462 3156 525 3219 vict
528 3157 573 3232 rin
584 3156 662 3240 (vel
685 3155 784 3220 tribus
800 3155 850 3219 vic
853 3147 973 3246 tricesii
985 3155 1092 3218 addito
1116 3157 1297 3220 certaminis
1320 3175 1432 3239 genere

199 3261 355 3338 (ἀνδρῶν,
392 3261 518 3324 παίδων
527 3256 571 3343 ⁹);
609 3260 771 3339 praetores.
807 3276 948 3340 sempor
967 3258 1229 3322 commemoratur
1265 3261 1434 3342 choragus
1478 3287 1480 3295 .

197 3364 248 3443 qui
287 3361 385 3426 tribui
426 3363 558 3425 certanti
598 3361 774 3441 adscriptus
817 3361 948 3436 estet
985 3351 1282 3440 χοροδιδάσκαλοςί
1319 3363 1431 3444 quibus

195 3468 319 3531 saeculo
348 3452 457 3548 quarto
490 3465 617 3530 additur
645 3463 781 3552 tibicinis
804 3483 934 3538 nomen3
970 3466 1105 3547 deniqne
1131 3483 1243 3530 nomen
1271 3467 1431 3530 archontis

196 3570 268 3634 addi
291 3560 515 3651 soletsneque
545 3586 617 3632 vero
650 3586 723 3632 casu
752 3587 815 3632 una
837 3568 886 3631 vel
910 3569 1011 3632 altera
1033 3587 1082 3632 res
1105 3569 1313 3634 additur'aut
1336 3557 1431 3634 ornit-

196 3673 274 3734 titur
297 3690 395 3752 neque
418 3673 491 3736 ordo
514 3675 656 3736 mutatus
679 3671 766 3735 casui
790 3669 887 3736 tribui
910 3672 1030 3751 potest3
1066 3669 1162 3734 immo
1191 3673 1295 3736 eodem
1327 3673 1430 3748 modo,

198 3793 257 3854 quo
277 3774 310 3836 in
325 3775 404 3837 actis
419 3779 545 3839 senatus
566 3774 734 3856 populique
750 3773 992 3838 Atheniensium
1016 3791 1031 3836 e
1055 3774 1197 3838 formulis
1221 3777 1353 3840 mutatis
1376 3797 1431 3841 nos

199 3933 400 3940 ——-—-—-

299 4022 319 4084 ’τ
337 4017 461 4071 Virorum
481 4021 569 4070 antem
588 4019 682 4071 choros
700 4036 716 4071 a
734 4019 849 4088 singulis
868 4021 994 4075 tribubus
1013 4022 1102 4074 eodem
1116 4021 1201 4084 modo,
1217 4037 1269 4090 quo
1284 4023 1433 4092 Dionysiis,

89 4127 91 4132 ·
196 4105 347 4173 Thargeliis
374 4120 477 4173 quoque
504 4105 652 4158 instructos
679 4121 734 4158 esse
761 4109 816 4158 ueri
845 4107 933 4160 simi'e
956 4109 988 4161 fit
1012 4105 1135 4161 etitnio
1163 4107 1221 4162 CIA
1248 4109 1278 4164 11
1302 4111 1352 4165 552
1381 4128 1432 4179 quo

195 4191 286 4244 Nicias
304 4191 413 4260 qnidam
433 4207 449 4244 a
466 4189 633 4245 Pandionide
651 4193 727 4246 tribu
747 4180 886 4247 iaudatnr:
905 4197 950 4248 ὅτι
968 4195 1000 4249 εὖ
1020 4198 1066 4248 καί
1085 4197 1240 4264 προθύμως
1253 4199 1433 4265 ἐχορήγησεν

195 4284 256 4342 τοῖς
272 4281 351 4334 παισί
370 4281 416 4332 καί
444 4277 522 4332 ἐνίκα
545 4278 684 4333 Διονύσια
709 4281 755 4332 καί
780 4281 926 4350 Θαργήλια
952 4281 1098 4349 ἀνδράσιν,
1117 4285 1145 4334 et
1164 4299 1195 4336 err
1213 4283 1324 4352 choragi
1344 4285 1434 4337 verbis

195 4365 266 4432 apud
284 4365 394 4434 Lysiam
411 4363 477 4418 XXI
497 4371 510 4416 1
530 4381 568 4433 sq.

299 4479 319 4542 ²)
333 4477 425 4530 Etiam
442 4493 487 4530 eos
499 4479 596 4531 titulos
610 4477 771 4546 choragicos,
782 4478 811 4531 in
824 4477 922 4546 quibus
936 4480 1092 4532 certaminis
1103 4496 1188 4546 genus
1202 4481 1242 4532 ita
1255 4479 1432 4548 designatum

196 4579 246 4615 uon
265 4567 314 4622 est.
339 4563 371 4616 ad
390 4565 483 4617 eboros
507 4565 604 4631 lyricos
623 4566 757 4632 pertinere
774 4581 821 4631 pro
840 4567 913 4618 certo
932 4563 1070 4618 adfirmari
1089 4569 1185 4632 potest,
1206 4582 1265 4619 cum
1292 4568 1319 4618 in
1340 4568 1434 4622 ebora-

196 4648 250 4728 giis
268 4647 395 4702 scaenicis
414 4664 561 4718 numquam
580 4649 670 4704 tribus
689 4652 925 4715 commemoretur;
944 4651 978 4704 ci.
997 4649 1058 4704 CIA
1078 4650 1108 4704 II
1127 4655 1186 4715 971,
1205 4651 1278 4707 Plut.
1297 4651 1388 4704 Tbem.
1410 4660 1433 4706 δ.
