3240 5112
710 1181 835 1284 caput
861 1177 907 1260 Il.
1026 1213 1028 1218 ·
1146 1270 1148 1278 ,

217 1385 280 1483 De
312 1312 646 1483 certaminibus
676 1381 882 1494 musicis,
917 1410 1033 1502 quae
1062 1381 1255 1516 Athenis
1286 1382 1396 1480 inde

218 1551 245 1622 a
276 1522 512 1620 Pisistrat'
554 1519 843 1640 temporibus
874 1547 1020 1640 usque
1053 1521 1111 1618 ad
1142 1519 1397 1618 Alexandri

504 1658 702 1755 aetatem
737 1656 1103 1755 celebrabantur.

755 1869 858 1878 ——-—-

290 1982 479 2079 certamina
502 2010 620 2074 musica
643 2009 778 2074 Athenis
801 2029 862 2075 non
885 2013 959 2074 ante
982 2009 1143 2075 Pisistrati
1167 2012 1306 2092 tempora
1329 2009 1427 2077 fuisse

187 2111 344 2199 uidentur.
370 2113 580 2176 omittendum
604 2103 796 2196 erimperto,
825 2115 907 2194 quod
937 2111 1084 2179 Solonem
1107 2113 1242 2179 Athenis
1265 2111 1426 2178 recitatio·

74 2199 80 2214 ”
188 2232 258 2280 nem
295 2214 425 2278 Homeri
456 2219 629 2305 carminum
657 2215 832 2280 instituisse
865 2217 1104 2299 Brauroniisquo
1131 2217 1306 2300 antiquitus
1328 2217 1424 2298 rhap-

188 2317 278 2382 sodos
301 2317 333 2380 iu
355 2317 515 2398 publicum
538 2318 686 2400 prodiisse
710 2321 855 2398 narrant,
889 2319 970 2402 quod
1000 2322 1037 2384 de
1066 2321 1237 2386 certamine
1260 2320 1425 2386 commisso

189 2419 270 2483 nihil
292 2419 419 2484 omnino
442 2421 518 2485 lieet
540 2422 677 2487 statuere
687 2420 722 2503 ¹).
747 2442 819 2486 eum
841 2441 912 2488 vero
928 2424 1049 2488 saeculo
1066 2429 1152 2488 sexto
1168 2425 1294 2489 ineunte
1310 2440 1425 2504 magna

188 2523 247 2586 illa
268 2521 456 2606 Pythiorum
479 2523 684 2588 Isthmiorum
706 2523 896 2591 Nemeorum
920 2529 1091 2592 certamina
1112 2529 1289 2600 instaurata
1319 2531 1426 2592 essent

189 2626 283 2709 atque
306 2625 416 2690 eodem
439 2627 577 2709 tempore
600 2629 633 2691 iu
656 2628 861 2711 Peloponnesi
884 2632 1013 2696 urbibus
1037 2631 1269 2696 commissiones
1285 2629 1424 2694 musicae

188 2747 284 2811 quam
306 2729 442 2794 maxime
464 2729 626 2814 florerent,
662 2736 905 2798 consentaneum
939 2735 985 2798 est
1009 2735 1165 2812 Athenae,
1196 2753 1273 2817 quae
1302 2732 1374 2798 inde
1404 2753 1424 2798 a

188 2831 307 2898 Solonis
331 2834 434 2898 aetate
457 2852 571 2916 magne
595 2837 741 2916 ceperant
763 2834 966 2913 incrementa,
990 2838 1105 2902 iamin
1128 2857 1163 2902 eo
1187 2839 1291 2902 studio
1314 2836 1423 2902 ceteris

188 2954 250 3000 non
275 2936 415 3002 cessisse.
443 2925 563 3019 litaque
585 2937 789 3018 PisistratuS,
825 2939 879 3022 qui
913 2939 992 3004 nihil
1025 2940 1316 3022 praetermittebat,
1348 2939 1420 3022 quin

189 3037 385 3102 Athenarum
408 3057 480 3120 opes
503 3039 785 3123 auctoritatemque
804 3043 951 3125 augeret,
975 3043 1070 3107 festos
1092 3046 1219 3107 deorum
1242 3043 1308 3108 dies
1339 3044 1421 3107 omni

189 3139 279 3204 modo
303 3140 494 3221 amplificare
516 3147 547 3206 et
570 3161 715 3207 exornare
738 3144 895 3208 studebat.
933 3146 1026 3209 ueluti
1059 3145 1209 3210 Eusebius
1243 3146 1283 3210 ad
1305 3146 1353 3211 ol.'
1369 3145 1419 3229 53,

189 3241 538 3323 3=sccadur.(11
561 3244 604 3308 94
627 3243 757 3326 Schdne)
783 3246 859 3310 haec
880 3248 1025 3312 adnotat:
1055 3249 1073 3312 ὁ
1097 3253 1162 3314 τῶν
1185 3248 1420 3328 Παναθηναίων

187 3346 338 3426 γυμνικὸς
354 3347 441 3422 ἀγὼν
457 3346 548 3426 ἤχθη,
572 3345 606 3412 id
629 3350 709 3431 quod
732 3367 751 3412 a
766 3348 932 3414 Pisistrato
949 3350 1067 3416 factum
1090 3371 1156 3416 esse
1173 3354 1310 3418 testatur
1325 3351 1418 3417 schol.

189 3449 319 3514 Aristid.
335 3469 365 3534 p.
382 3449 445 3514 323
464 3452 500 3516 D.
516 3452 557 3516 τὰ
579 3454 616 3517 δὲ
639 3453 759 3530 μεγάλα
775 3453 1014 3532 Πεισίστρατος
1036 3455 1170 3534 ἐποίησε
1179 3454 1216 3540 ²).
1241 3475 1298 3520 nec
1322 3455 1419 3520 multo

146 3630 148 3638 Ι
188 3556 258 3634 post
292 3571 363 3618 oum
397 3553 448 3619 his
480 3555 564 3620 ludis
594 3554 766 3620 maioribus
797 3555 930 3620 musicos
953 3574 1074 3640 quoque
1098 3577 1212 3642 agonas
1242 3561 1419 3624 coniunctos

147 3660 153 3715 l
188 3673 253 3720 esse
277 3658 340 3720 ueri
360 3658 463 3722 simile
485 3660 534 3722 est
559 3658 613 3740 (cf.
637 3659 750 3741 Bergk.
775 3658 799 3722 1.-
820 3677 846 3723 c.
871 3659 901 3723 ΙΙ
923 3659 999 3742 499)
1010 3659 1049 3744 ³).
1071 3661 1132 3725 huc
1155 3663 1238 3726 eninr
1261 3663 1419 3728 referenda

190 3758 344 3835 videntur,
380 3777 458 3842 quae
489 3761 527 3826 de
555 3761 791 3828 recitationibus
820 3761 1046 3846 rhapsodorum
1070 3765 1161 3829 certis
1185 3766 1306 3850 legibus
1329 3765 1418 3830 insti-

294 3975 312 4038 ¹)
330 3970 409 4026 Nihil
432 3971 504 4026 euim
531 3971 563 4024 de
590 3987 675 4038 agone
694 3977 806 4028 narrant
834 3971 909 4028 Suid.
932 3991 952 4028 s.
971 3990 996 4027 v.
1019 3976 1167 4044 Βραυρών,
1186 3977 1336 4045 Hesychius
1359 3995 1380 4030 s.
1397 3993 1417 4030 v.

190 4057 396 4126 Βραυρωνίοις;
416 4059 453 4114 cf.
472 4059 633 4122 Volkmann,
652 4058 747 4112 (lesoh.
766 4076 791 4112 n.
810 4059 857 4114 Kr.
877 4061 902 4114 d.
922 4061 1092 4116 Wolff’sohen
1111 4062 1214 4131 Proleg.
1232 4067 1329 4132 p308.

293 4144 312 4212 ²)
332 4143 511 4199 Wilamouitu
536 4143 708 4198 Homerisohe
727 4143 970 4216 Uutersuchungen
991 4163 1014 4217 p.
1026 4153 1076 4202 248
1095 4149 1156 4210 adu.
1172 4155 1211 4205 13.
1230 4150 1269 4204 De
1287 4149 1417 4204 Panathe-

92 4293 95 4303 '
189 4243 315 4302 nasorum
342 4231 533 4284 certaminibus
560 4231 594 4286 cf.
612 4231 695 4285 Meier
723 4230 797 4286 Hall.
826 4233 936 4306 Encycl.
956 4235 1001 4289 111
1031 4239 1062 4287 10
1081 4241 1131 4289 284
1149 4253 1197 4304 sq,
1221 4238 1253 4290 A.
1273 4237 1417 4291 Mommsen
1457 4281 1458 4286 ,

190 4314 362 4383 Heortologie
380 4322 465 4384 plia
484 4314 549 4387 sq.,',
563 4317 662 4372 Breues
680 4317 712 4370 de
730 4317 840 4382 musicis
867 4319 898 4376 P.
926 4322 1115 4376 certaminibus
1144 4323 1207 4377 diss,
1236 4323 1321 4380 Bonn.
1347 4327 1415 4390 1865,

94 4451 98 4458 ,
190 4401 328 4457 Michaelis
347 4401 399 4457 Der
416 4403 570 4458 Parthenon
589 4407 656 4472 App.
677 4403 706 4458 II
726 4419 751 4472 p.
770 4409 829 4470 318,
848 4411 907 4459 322,

292 4489 312 4555 ³)
332 4491 349 4557 ἡ
369 4495 430 4544 τῶν
449 4490 663 4557 Παναθηναίων
681 4493 781 4560 γραφὴ
802 4494 820 4559 ἡ
840 4496 904 4562 περί
923 4499 976 4548 τοῦ
996 4499 1132 4560 μουσικοῦ
1152 4495 1263 4562 ἀγῶνος
1283 4497 1386 4551 citatur
1402 4514 1415 4552 a

190 4574 261 4629 Plut.
282 4574 314 4630 de
332 4591 400 4630 mus.
420 4581 445 4643 8,
466 4577 512 4630 ubi
531 4575 564 4630 de
582 4576 756 4632 auloedorum
774 4579 842 4632 artis
861 4579 1013 4647 primordiis
1032 4581 1112 4634 verba
1130 4580 1209 4634 fiunt.
