3240 5112
177 379 200 443 4

180 561 350 630 memoriae
383 563 530 640 tradidit,
563 565 650 628 cuius
691 563 907 629 testimonium
938 565 1118 632 Athenaeus
1151 568 1289 632 servavit
1318 565 1418 630 XIIII

179 667 282 732 caue:
317 667 357 731 τὰ
390 667 523 745 Κάρνεια
557 671 687 746 πρῶτος
716 668 847 733 πάντων
874 669 1082 748 Τέρπανδρος
1115 675 1199 753 νικᾷ,
1229 670 1275 735 ὡς
1303 660 1420 734 Ἑλλά-

181 779 271 836 νικος
292 771 415 848 ἱστορεῖ
437 771 472 836 ἔν
494 791 528 835 τε
562 775 631 836 τοῖς
659 771 824 850 ἐμμέτροις
854 771 904 835 καὶ
933 775 1001 836 τοῖς
1036 773 1265 851 καταλογάδην.
1291 773 1423 848 ἐγένετο

97 943 100 950 ,
182 877 218 940 δὲ
252 875 270 952 ἡ
307 877 396 940 θέσις
431 877 497 939 τῶν
531 874 690 952 Καρνείων
724 877 804 939 κατά
839 876 896 954 τὴν
930 874 1022 952 ἕκτην
1055 876 1106 939 καὶ
1142 875 1291 954 εἰκοστὴν
1322 874 1424 953 ὀλυμ-

180 977 295 1054 πιάδα,
329 977 375 1043 ὡς
409 977 571 1056 Σωσίβιός
603 993 704 1057 φησιν
734 978 769 1043 έν
803 985 850 1062 τῷ
879 980 951 1057 περὶ
981 979 1117 1056 χρόνων.
1155 977 1196 1043 'ct
1228 978 1287 1042 lul.
1318 978 1419 1043 AfrIc.

181 1078 358 1163 Olympion.
392 1099 422 1162 p.
452 1081 483 1146 9.
507 1080 553 1144 ed.
589 1081 739 1164 Rutgers.
774 1080 813 1146 ad
841 1081 882 1143 ol.
906 1080 963 1143 26:
999 1081 1133 1160 Κάρνεια
1164 1081 1255 1158 ἐτέθη
1286 1085 1423 1159 πρῶτον

181 1183 215 1248 ἐν
238 1182 446 1263 Λακεδαίμονι
469 1187 658 1268 κιθαρῳδῶν
681 1183 778 1260 ἀγών.
818 1200 855 1247 uc
876 1183 929 1247 diu
952 1187 1023 1264 post
1047 1183 1262 1264 Terpandrum
1284 1181 1423 1265 Spartae

180 1303 341 1352 nomornm
365 1285 641 1351 citharoedicorum
665 1303 715 1350 ars
739 1285 840 1368 riguit
863 1302 882 1348 a
905 1284 1032 1349 masicIs
1062 1285 1220 1351 Lesbiacis
1242 1287 1275 1349 in
1306 1285 1421 1368 primis

180 1389 318 1466 exculta,
342 1387 395 1471 qni
419 1405 515 1471 usqne
539 1391 577 1452 ad
599 1387 718 1452 sacculi
743 1388 822 1452 sexti
845 1386 940 1452 finem
963 1406 1086 1470 semper
1109 1389 1141 1453 in
1164 1389 1291 1454 Carneis
1314 1389 1421 1472 prima

180 1491 321 1574 praemia
342 1491 587 1574 rettulerunt¹)3
611 1489 651 1555 ei.
677 1491 760 1555 Plut.
784 1493 820 1556 de
850 1509 929 1556 mus.
953 1491 982 1555 6.
1005 1492 1097 1572 paulo
1120 1492 1227 1556 antem
1250 1493 1319 1573 post
1340 1491 1421 1556 Ter·

180 1595 336 1678 pandrnm
377 1597 525 1662 Theletus
565 1595 765 1660 Xenodamns
803 1594 991 1660 Xenocritus
1030 1595 1249 1678 Polymnestns
1285 1593 1422 1659 Sacadas

181 1697 311 1778 Spartae
327 1696 495 1761 secundam
527 1715 619 1780 qrram
651 1700 765 1760 vocant
796 1700 872 1764 artis
903 1697 1041 1762 musicae
1072 1699 1206 1776 aetatem
1240 1696 1423 1762 instituisse

181 1801 338 1866 dicuntur.
377 1818 507 1884 quornm
532 1803 633 1866 aetate
656 1801 781 1866 chorica
809 1820 887 1884 quaa
917 1800 1032 1866 dicitnr
1055 1801 1154 1882 poesis
1178 1799 1313 1866 maxima
1336 1799 1422 1882 cepit

180 1906 373 1970 Incrementa
388 1905 748 1988 gymnopaodiarumque
764 1905 928 1970 sollemnia
944 1905 974 1969 in
992 1923 1107 1970 novum
1131 1905 1268 1970 ordinem
1289 1903 1422 1969 redacta

180 2007 256 2073 sunt
281 2009 378 2089 (Plnt.
401 2010 439 2072 de
462 2025 540 2072 mus.
559 2008 610 2091 9);
633 2007 666 2070 in
690 2007 802 2088 quibus
826 2027 902 2072 num
925 2027 958 2072 re
981 2027 1062 2088 vera,
1087 2007 1120 2072 id
1144 2008 1224 2089 qnod
1249 2007 1420 2090 Westpbal

180 2109 287 2175 Musik
320 2110 349 2174 d.
380 2109 495 2192 griecb.
526 2110 727 2174 Altertbums
760 2109 843 2174 1883
871 2128 902 2191 p.
928 2108 990 2173 116
1023 2109 1183 2188 adfirmat,
1219 2112 1331 2190 poetae
1363 2109 1421 2174 aut

179 2213 267 2280 ebori
289 2213 349 2294 ipsi
378 2213 461 2278 inter
484 2231 517 2278 se
540 2212 741 2291 certaverim,
760 2230 854 2295 qnam
878 2213 1011 2276 maxime
1035 2210 1164 2276 dubium
1188 2213 1284 2294 ests).
1316 2213 1418 2278 isdem

182 2315 376 2398 temporibus
406 2315 556 2380 tibiarum
585 2334 706 2398 quoqne
733 2318 859 2398 cantus,
894 2315 948 2398 qui
977 2317 1068 2380 antea
1092 2333 1110 2379 a
1133 2314 1261 2382 Graecis
1293 2323 1423 2397 spretus

182 2418 346 2501 neglectus
369 2417 500 2493 iacebat,
517 2417 666 2484 maiorem
682 2418 869 2502 dignitatem
892 2416 1028 2482 obtinuit
1051 2418 1082 2480 et
1104 2415 1279 2482 iudeorum
1295 2418 1421 2482 cultum

182 2525 322 2606 receptus
346 2522 393 2588 est
422 2520 515 2602 ita³),
551 2523 588 2586 ut
614 2539 686 2586 mor
707 2518 999 2587 isdembonoribus
1022 2521 1116 2601 atque
1139 2537 1188 2584 ars
1211 2519 1421 2586 citharoedica

181 2626 294 2709 dignus
316 2622 494 2690 baberetur.

282 2753 391 2836 Neque
413 2770 485 2818 vere
499 2754 565 2818 sola
579 2755 705 2818 saeculo
721 2753 854 2835 septimo
867 2751 980 2835 Sparta
996 2752 1118 2819 artibus
1135 2754 1262 2819 musicis
1278 2754 1421 2820 colendis

185 2857 343 2933 studebat,
361 2857 462 2922 sedin
479 2857 623 2922 omnibus
647 2856 712 2921 fare
736 2855 942 2938 Peloponnesi
965 2855 1095 2923 urbibus
1117 2855 1200 2921 idem
1217 2856 1336 2922 Iactum
1353 2875 1425 2922 osse

182 2962 336 3027 audimus.
375 2963 406 3024 et
429 2962 513 3024 certe
537 2977 591 3042 pro
614 2960 832 3042 antiquissimo
857 2977 955 3043 agone
977 2959 1098 3023 musico
1121 2959 1303 3038 Ithomaea‚
1334 2962 1419 3026 Mas·

182 3065 338 3130 seniorum
366 3061 546 3144 sollemnia,
582 3062 726 3127 habenda
753 3066 874 3146 essent,
909 3061 936 3126 si
969 3063 1143 3128 Pausaniae
1176 3064 1271 3128 fidem
1303 3065 1420 3131 habere

182 3168 301 3243 liceret,
314 3162 368 3248 qni
385 3164 422 3227 de
435 3163 595 3228 Messeniis
608 3163 672 3228 IIII
687 3164 739 3240 33,
753 3165 773 3228 2
789 3164 866 3230 baec
881 3168 1005 3230 narrat:
1030 3165 1145 3244 ἄγουσι
1169 3170 1205 3232 δὲ
1228 3169 1279 3233 καὶ
1302 3168 1424 3248 ἑορτὴν

183 3272 325 3338 ἐπέτειον
338 3267 495 3346 Ἰθωμαῖα·
511 3268 548 3332 τὸ
566 3269 602 3332 δὲ
618 3268 750 3351 ἀρχαῖον
763 3269 814 3332 καὶ
830 3267 940 3345 ἀγῶνα
955 3269 1103 3336 ἐτίθεσαν
1117 3275 1283 3351 μουσικῆς·
1299 3272 1424 3351 τεκμαί·

186 3419 390 3432 ——---

291 3507 308 3575 ¹)
327 3505 422 3560 Nescio
440 3519 505 3557 num
521 3503 706 3571 neglegentiae
722 3503 895 3558 tribuendum
914 3506 963 3570 sit,
983 3507 1053 3575 qnod
1072 3506 1155 3561 Flach
1173 3509 1192 3563 l.
1211 3525 1233 3562 c.
1251 3525 1276 3578 p.
1290 3515 1349 3575 211,
1368 3514 1423 3563 218

182 3593 215 3648 de
234 3592 343 3664 Pythiis
361 3590 573 3644 cltbarocdorum
592 3589 778 3644 Lesbiacornnr
797 3591 916 3646 victoriis
936 3592 1016 3646 rerba
1035 3595 1107 3648 tiroli.

287 3705 308 3769 ²)
326 3702 416 3771 Bergk
433 3703 452 3756 1.
471 3717 492 3757 c.
512 3702 541 3757 Il
562 3705 610 3755 149
629 3703 690 3760 adn.
707 3708 763 3756 136.
783 3703 944 3760 Plutarchus
966 3706 1074 3774 quidem
1087 3707 1176 3774 (Ages.
1191 3707 1234 3773 29)
1253 3706 1286 3760 de
1304 3722 1419 3776 gymno·

184 3791 338 3862 paediarum
358 3788 538 3842 celebratione
556 3788 622 3843 haec
641 3789 721 3843 dicit:
741 3791 793 3843 τὸν
807 3791 907 3856 ἀγῶνα
920 3796 981 3846 τῶν
999 3795 1095 3859 χορῶν
1114 3791 1258 3860 ἔπραττον
1270 3793 1421 3870 (ctautaaz

183 3877 405 3946 ἀγωνιζομένων
424 3879 485 3930 των
502 3880 598 3942 χορῶν
617 3876 649 3930 ἐν
667 3882 709 3945 τῷ
729 3878 869 3946 θεάτρῳ);
896 3877 942 3932 sed
969 3877 1111 3946 scriptores
1134 3880 1293 3947 posteriorIs
1320 3883 1423 3934 aetatis

184 3964 320 4020 vocabulis
339 3964 420 4030 ἀγών
438 3964 466 4015 et
484 3961 673 4028 ἀγωνίζεσθαι
691 3979 769 4032 saepe
787 3978 849 4016 usos
873 3979 944 4029 esse,
969 3962 1017 4016 ubi
1037 3963 1068 4016 de
1086 3964 1281 4019 certaminibus
1300 3965 1420 4032 cogitare

183 4051 327 4114 nonlicet,
355 4049 422 4104 satis
446 4051 560 4102 constat.
584 4047 616 4102 de
640 4051 843 4120 gymnopaediis
867 4049 937 4102 dixit
956 4048 1077 4102 Sosibius
1096 4052 1205 4113 ἐντοῖς
1223 4052 1287 4117 περὶ
1307 4053 1420 4106 θυσιῶν

182 4137 281 4194 Athen.
300 4135 351 4190 XV
370 4139 420 4189 678
433 4135 464 4199 ος
482 4134 514 4188 cI.
534 4135 616 4188 etiarn
634 4135 732 4193 Herod.
752 4135 791 4190 VI
810 4140 851 4189 61.

289 4251 309 4318 ³)
328 4248 425 4305 Clonus
443 4247 545 4316 primus
564 4249 741 4317 αὐλῳδικοὺς
769 4248 849 4302 etiarn
873 4247 978 4313 νόμους
997 4247 1146 4301 condidisse
1165 4247 1264 4303 dicitur
1283 4249 1368 4316 (Plnt.
1387 4251 1422 4303 de

182 4353 249 4392 mus.
269 4342 294 4402 3,
312 4334 403 4403 Bergk
433 4335 451 4388 1.
471 4350 492 4388 o.
512 4334 541 4388 II
561 4339 636 4400 218„
664 4349 741 4402 quern
769 4334 936 4402 argumentis
963 4334 1040 4387 nisus
1058 4349 1110 4387 non
1134 4335 1202 4388 satis
1226 4335 1311 4388 firmis
1335 4335 1420 4390 Flach

180 4425 200 4480 l.
218 4440 240 4478 c.
259 4439 284 4492 p.
300 4427 351 4476 264
378 4437 424 4490 pro
442 4420 537 4476 fabula
554 4420 704 4474 habendum
723 4435 780 4474 esse
798 4419 931 4485 opinatur.
960 4420 993 4474 cf.
1017 4421 1098 4474 etlam
1121 4420 1210 4475 Hiller
1236 4421 1305 4476 Mus.
1334 4422 1419 4475 Rben.

181 4509 273 4566 XXXI
293 4514 338 4576 ta,
367 4507 509 4564 Guhrausr
535 4507 604 4560 „Zur
627 4505 721 4560 (iesch.
740 4505 786 4559 der
808 4504 927 4559 Aulodilr
952 4505 977 4559 b.
996 4506 1021 4561 d.
1041 4507 1186 4562 Graeehenu
1207 4511 1307 4578 (progr.
1327 4524 1421 4578 gprnn.

183 4595 375 4666 Waldenburg.
387 4599 463 4664 1879)
474 4611 499 4664 p.
510 4597 533 4660 8,
546 4593 675 4648 Fleckeis.
686 4593 755 4646 Anu.
769 4593 834 4644 1880
856 4609 880 4660 p.
892 4597 950 4658 692,
970 4591 1148 4664 Engelbrecht
1167 4596 1185 4649 l.
1194 4611 1215 4650 c.
1226 4595 1341 4651 XXXVI
1362 4599 1420 4648 186.
