3240 5112
330 1351 389 1444 Ad
420 1378 607 1444 Graecorum
641 1397 743 1444 mores
759 1439 762 1446 ,
776 1381 860 1445 reete
887 1381 1095 1446 aestimandos
1126 1380 1272 1446 ludorum
1304 1385 1464 1463 spectacu-

227 1479 404 1562 lorumque,
438 1479 551 1562 quibus
586 1482 723 1547 maxime
759 1481 955 1566 gaudebant,
989 1483 1199 1565 cognitionem
1238 1485 1321 1550 haud
1360 1487 1462 1568 exigui

227 1581 378 1646 momenti
400 1601 467 1647 1111
490 1584 565 1648 11111
588 1589 721 1652 constat.
765 1583 876 1650 Graeci
910 1585 994 1648 enim
1021 1603 1180 1650 summum
1207 1587 1258 1652 his
1286 1571 1379 1654 rebus
1401 1591 1462 1655 im·

227 1685 406 1766 pendebant
428 1685 569 1752 studium
590 1706 689 1770 neque
712 1688 880 1770 quicquam
895 1688 1201 1772 praetermittebant,
1226 1691 1301 1772 quin
1317 1697 1461 1757 commis·

229 1789 352 1854 sionem
381 1791 573 1856 musicarum
607 1791 805 1873 splendorem
834 1790 1077 1874 amplificarent,
1112 1793 1142 1856 in
1170 1791 1282 1874 primis
1316 1797 1462 1876 praemiis

227 1893 394 1974 propositis
417 1897 449 1958 et
472 1895 696 1960 certaminibus
719 1893 876 1959 institutis
907 1894 1150 1960 aemulationem
1172 1897 1372 1978 studiumque
1388 1916 1463 1980 poe-

228 1999 333 2060 tarum
356 1999 389 2061 et
411 1997 603 2063 musicorum
626 2017 739 2084 augere
762 1997 966 2064 conabantur.
995 2017 1087 2082 quem
1102 2000 1242 2064 certandi
1257 2017 1374 2064 morem
1392 2019 1463 2066 oum

228 2099 346 2164 artibus
369 2100 497 2166 musicis
520 2103 657 2168 colendis
680 2109 747 2168 tam
769 2103 836 2169 erte
859 2119 1008 2166 conexum
1036 2102 1090 2186 qui
1118 2120 1179 2168 non
1208 2104 1396 2184 respexerit,
1428 2107 1465 2168 de

229 2205 297 2268 tota
318 2205 435 2270 artium
458 2206 637 2271 liberalium
655 2205 844 2271 Graecarum
860 2205 991 2271 historia
1013 2208 1136 2271 rectum
1159 2205 1313 2272 iudicium
1327 2206 1465 2288 prolerre

229 2325 290 2370 non
312 2309 487 2390 poloniaco
510 2310 613 2392 magis
636 2311 744 2374 mirari
768 2309 927 2386 debemus,
944 2309 1026 2391 quod
1048 2327 1139 2374 nemo
1162 2308 1221 2373 hac
1244 2312 1348 2374 aetate
1371 2327 1465 2374 accu-

228 2408 327 2472 ratius
343 2409 423 2475 banc
445 2429 511 2476 rem
527 2412 678 2478 tractavit
693 2415 725 2476 et
747 2411 890 2478 homines
906 2411 1000 2487 docti,
1017 2411 1071 2493 qui
1087 2413 1126 2476 de
1141 2430 1265 2476 morum
1277 2410 1464 2476 Graecorum

228 2511 467 2596 litterarumque
500 2513 633 2580 historia
661 2515 820 2598 dixerunt,
854 2535 924 2581 eam
957 2514 1019 2580 nisi
1052 2514 1153 2580 obiter
1189 2533 1251 2579 non
1280 2515 1465 2598 tetigerunt.

229 2613 343 2698 Lafaye
370 2617 467 2695 enim,
502 2619 555 2700 qui
588 2638 686 2702 nuper
712 2618 858 2684 Lutetiae
892 2619 1087 2684 Parisiorum
1111 2619 1148 2682 de
1170 2619 1336 2701 poetarum
1366 2617 1464 2684 (irac-

229 2735 336 2782 corum
360 2720 605 2802 Latinorumque
622 2723 846 2787 certaminibus
862 2722 980 2786 librum
1004 2721 1112 2803 edidit,
1135 2721 1218 2786 nihil
1233 2721 1375 2802 profecit,
1392 2741 1463 2786 oum

230 2822 421 2886 musicorum
443 2841 559 2905 agonas
582 2841 710 2905 prorsus
733 2825 930 2908 neglegeret,
957 2827 1122 2908 poetarum
1145 2827 1251 2888 autem
1274 2825 1465 2891 Graecorum

231 2924 405 2988 certamina
431 2925 594 3008 perpaucis
627 2925 788 2992 absolvere
820 2927 897 2990 satis
930 2926 1070 2990 haberet.
1116 2924 1166 2988 illi
1194 2943 1265 2988 vero
1294 2923 1385 3017 libri,
1413 2926 1467 3007 qui

231 3027 354 3092 saeculo
377 3029 452 3092 ante
474 3029 533 3092 boc
554 3029 694 3111 proximo
719 3031 757 3094 de
779 3030 829 3093 his
852 3029 946 3094 rebus
969 3028 1137 3108 conscripti
1166 3028 1254 3101 sunt,
1288 3027 1381 3092 hodie
1403 3027 1468 3092 1111

231 3131 350 3196 nullius
371 3148 446 3195 usus
474 3133 563 3214 sunt,
587 3135 753 3214 postquam
775 3133 824 3197 tot
857 3131 1014 3212 lapidibus
1038 3129 1198 3214 inscriptis
1221 3131 1352 3210 repertis
1376 3131 1468 3194 testi-

232 3233 408 3298 moniorum
429 3251 577 3299 numerus
601 3253 696 3317 quam
719 3234 853 3301 maxime
876 3237 987 3299 auctus
1009 3236 1068 3298 est.
1092 3233 1184 3298 facile
1208 3236 1315 3297 autem
1337 3217 1467 3297 intelle-

232 3338 320 3421 gitur
342 3356 404 3402 non
428 3337 460 3402 id
493 3337 573 3402 mihi
607 3339 702 3403 fuisse
731 3338 764 3401 in
792 3337 907 3418 animo,
941 3337 979 3401 ub
1012 3336 1090 3402 artis
1123 3335 1218 3400 buius
1240 3335 1468 3401 dissertationis

232 3439 346 3504 linibus
369 3440 474 3506 omnia
497 3441 684 3506 documenta
711 3441 946 3524 complecterer,
979 3439 1091 3524 quibus
1125 3439 1191 3504 ludi
1225 3442 1307 3522 apud
1337 3440 1469 3522 populos

65 3590 69 3611 =
155 3576 161 3590 ι
234 3541 367 3610 Graecos
390 3563 445 3626 per
468 3543 556 3607 mille
579 3561 731 3608 annorum
754 3546 893 3626 spatium
915 3545 992 3609 editi
1015 3545 1224 3608 illustrantur.
1264 3541 1362 3608 immo
1390 3542 1469 3610 satis

232 3646 327 3712 habui
349 3645 537 3728 prolusionis
559 3647 660 3712 instar
683 3647 866 3726 certamina,
890 3665 969 3728 quae
994 3648 1067 3712 inde
1083 3647 1122 3712 ab
1139 3645 1370 3728 antiquissimis
1386 3649 1469 3710 tem-

233 3749 360 3834 poribus
383 3768 480 3831 usque
503 3750 542 3813 ad
566 3750 738 3815 Alexandri
763 3752 899 3815 aetatem
923 3749 1076 3816 celebrata
1100 3750 1193 3832 sunt,
1222 3750 1396 3813 accuratius
1420 3767 1471 3812 ex-

234 3853 351 3934 plicare
373 3851 487 3916 additis
503 3853 736 3934 quaestionibus
749 3850 919 3929 nonnullis,
936 3870 1014 3934 quae
1031 3856 1069 3918 ad
1085 3851 1319 3917 commissiones
1336 3852 1471 3916 musicas

234 3954 364 4022 saeculis
387 3953 437 4018 IIi
452 3953 517 4018 III
540 3953 656 4020 10111.
679 3955 712 4018 in
734 3955 803 4038 ipsa
827 3953 957 4020 Graecia
978 3955 1104 4020 habitas
1126 3953 1295 4036 pertinent.
1318 3953 1471 4037 reliquam

235 4057 402 4125 materiam
425 4059 461 4122 ut
483 4055 545 4122 elio
561 4057 628 4122 loco
644 4059 787 4135 tractem,
806 4057 994 4121 facultatem
1012 4057 1092 4122 mibi
1108 4073 1178 4119 mox
1192 4055 1300 4120 datum
1318 4057 1359 4122 iri
1374 4044 1471 4140 spero.

753 4353 955 4362 -...ae-.-.—...

288 4653 444 4701 auteonda
458 4653 547 4694 musicis
557 4654 686 4694 Graecorum
701 4654 861 4694 certaminibus.
