3240 5112
185 351 226 414 22

185 537 312 619 putavit
345 536 484 616 ἀνδράσι
522 534 619 599 etiam
653 534 850 598 substantivo
880 533 1042 611 αὐληταῖς,
1067 549 1145 615 quae
1178 531 1357 596 coniectura
1397 533 1447 595 et

188 641 338 710 Koehleri
367 638 544 722 apographo
573 643 605 701 et
632 636 728 702 titulo
757 634 871 717 Oropio
899 635 1066 700 refellitur.
1116 635 1284 702 tibicinum
1318 639 1439 699 autem

188 763 356 827 puerorum
372 746 528 809 certamen
545 742 688 821 Athenis,
713 739 767 805 ubi
784 739 871 821 pueri
895 740 965 804 inde
989 739 1027 804 ah
1044 739 1216 805 Alcibiadis
1232 737 1442 818 temporibus

189 847 343 912 tibiarum
359 852 486 911 cantum
503 864 564 910 non
587 845 804 919 edocebantur,
822 845 945 908 saeculo
962 843 1072 924 quinto
1088 848 1220 906 exeunte
1237 841 1438 907 institutum

190 969 249 1014 non
272 950 368 1014 fuisse
383 968 438 1034 pro
461 953 543 1014 certo
559 953 662 1031 potest
680 947 849 1012 adfirmari.
872 947 953 1026 quod
970 963 1042 1010 vero
1057 945 1161 1029 Bergk
1177 946 1272 1010 etiam
1288 948 1440 1026 praemia

191 1053 342 1132 αὐληταῖς
378 1053 540 1133 designata
573 1054 612 1116 ad
650 1050 759 1115 choros
793 1049 906 1131 cyolios
937 1049 1098 1112 reserenda
1126 1066 1191 1112 esse
1219 1048 1360 1130 putavit,
1395 1047 1440 1111 id

189 1157 253 1219 ianr
280 1158 374 1220 antea
401 1155 574 1219 refutatum
606 1159 668 1229 est;
702 1151 819 1236 singuli
849 1151 934 1215 enim
958 1152 1016 1215 viri
1045 1153 1122 1216 assis
1145 1151 1235 1217 tibiis
1266 1151 1437 1216 certabant

191 1261 284 1342 atque
307 1259 368 1341 ipsi
391 1257 453 1322 sibi
476 1260 606 1340 quisque
629 1255 794 1320 victoriam
817 1272 996 1336 comparare
1020 1255 1189 1320 studebant
1208 1254 1238 1337 ¹).

294 1378 381 1443 Haeo
403 1379 502 1461 igitur
524 1383 614 1454 sunt,
638 1396 715 1459 quae
738 1378 775 1440 de
793 1375 955 1440 hominum
979 1375 1174 1457 singulorum
1205 1373 1442 1439 certaminibus

191 1482 318 1547 musicis
341 1488 501 1564 comperta
524 1476 722 1558 habemusl).
752 1495 828 1541 num
850 1477 955 1540 autem
977 1483 1099 1560 praeter
1121 1478 1300 1558 rhapsodos,
1326 1475 1439 1541 cithe-

192 1587 299 1649 roedos
324 1589 356 1648 et
379 1585 570 1658 citharistae,
602 1582 748 1646 auloedos
771 1583 802 1644 et
825 1579 971 1644 tibicines
995 1581 1090 1643 etiam
1114 1581 1201 1646 ἐπῶν
1223 1583 1350 1659 ποιηταὶ
1373 1587 1436 1644 aut

192 1688 384 1766 προσοδίων
407 1688 533 1764 ποιηταὶ
561 1685 751 1768 prodierint,
786 1704 862 1748 num
884 1685 1055 1765 posteriore
1077 1688 1217 1766 tempore
1243 1703 1434 1767 praeconum

192 1807 314 1872 quoque
332 1781 578 1872 =tubicinumque
601 1789 774 1852 certamina
799 1789 921 1853 adiecta
947 1789 1030 1864 sint,
1061 1791 1223 1852 decernere
1253 1789 1436 1868 nequimus,

193 1894 275 1956 certe
298 1911 353 1974 per
376 1891 506 1974 longum
529 1895 707 1972 temporum
731 1891 895 1956 decursum
919 1889 952 1953 in
975 1891 1268 1955 Panathenaoorum
1292 1891 1438 1954 celebra·

192 1996 279 2060 tione
301 1996 386 2060 haud
409 2013 509 2076 pauca
533 1999 648 2059 novata
672 1993 720 2057 vel
748 1992 919 2058 immutata
942 1999 1016 2058 sunt
1039 2001 1061 2076 ).
1094 1995 1139 2058 ita
1165 1993 1298 2058 titulum
1326 1993 1432 2068 illum,

195 2117 287 2180 quem
311 2098 533 2174 tractavimus,
567 2115 601 2160 co
625 2103 764 2177 ternpore
793 2097 890 2176 lapidi
913 2096 1046 2161 incisum
1071 2115 1153 2172 esse,
1184 2114 1243 2178 quo
1272 2097 1305 2159 in
1329 2097 1431 2160 certa-

195 2199 336 2264 minibus
371 2203 426 2263 aut
448 2199 595 2281 praemiis
629 2198 787 2279 discriptis
816 2199 976 2280 graviores
1012 2202 1166 2281 quaedam
1195 2200 1437 2264 immutationes

196 2305 299 2368 factae
322 2306 413 2380 sunt,
436 2303 513 2367 satis
536 2301 601 2367 veri
625 2301 730 2365 simile
752 2304 808 2366 est.

298 2421 346 2486 De
364 2421 496 2512 choriois
511 2422 803 2486 Panathenaeorum
828 2423 1052 2488 certaminibus
1073 2423 1279 2505 paucissimas
1307 2425 1434 2488 tantum
1464 2445 1467 2448 ·

184 2503 245 2592 res
269 2503 596 2609 cognitas'hab‘emus.
622 2523 718 2592 veluti
735 2525 772 2603 is,
795 2544 851 2608 pro
874 2546 934 2608 quo
961 2527 1070 2610 Lysiae
1093 2527 1193 2591 oratio
1216 2527 1293 2592 XXI
1316 2527 1439 2610 scripta

57 2629 63 2636 ”
187 2621 264 2705 est,
288 2649 321 2694 se
344 2627 573 2694 Panathenaeis
596 2628 769 2694 minoribus
793 2628 867 2694 anni
890 2627 1033 2708 409p408
1057 2627 1185 2714 chorum
1219 2629 1356 2712 cyclium
1383 2630 1445 2717 ing

197 2789 401 2800 --υ--ι-ο--ι

301 2878 320 2942 ¹)
346 2875 407 2928 Non
437 2875 508 2929 enim
536 2875 589 2929 huc
616 2876 713 2930 reterre
740 2877 804 2930 licet
831 2878 937 2944 ἄνδρας
966 2878 1101 2944 αὐλητάς,
1120 2878 1167 2945 qui
1192 2876 1438 2931 commemorantur·

198 2963 335 3018 Demosth.
362 2963 428 3017 XXi
457 2965 514 3029 rto,
540 2963 639 3031 quibus
664 2964 750 3017 verbis
769 2963 881 3032 opolium
903 2964 1021 3018 virorum
1051 2963 1160 3017 chorum
1190 2964 1336 3031 significari
1363 2968 1437 3017 reete

197 3051 354 3102 statuerunt
372 3048 493 3102 homines
511 3048 591 3102 docti.
611 3050 644 3102 of.
664 3049 751 3116 llergk
777 3049 795 3102 l.
814 3066 835 3102 c.
855 3049 968 3122 videtur
982 3054 1072 3104 autem
1093 3051 1116 3102 is
1130 3066 1194 3103 usus
1212 3049 1319 3125 dicendi
1338 3049 1400 3103 inde
1417 3066 1433 3102 a

199 3133 390 3188 Demosthenis
408 3135 574 3201 temporibus
592 3135 675 3188 initia
701 3137 808 3203 cepisse,
836 3151 867 3187 ea
890 3140 992 3206 antem,
1021 3152 1074 3204 qua
1091 3136 1139 3188 ille
1158 3136 1337 3203 praemiorum
1356 3135 1436 3189 index
1518 3177 1522 3184 .

198 3221 314 3287 scriptus
332 3221 381 3283 est,
399 3223 489 3272 aetate
506 3221 624 3273 nondum
643 3223 767 3274 valuisse.
796 3237 857 3273 narn
877 3222 900 3274 si
924 3222 969 3274 hio
993 3224 1072 3274 verbo
1091 3224 1214 3289 αὐληταὶ
1234 3223 1330 3276 chorus
1349 3223 1434 3290 signi-

198 3305 330 3367 ficaretur,
350 3319 453 3356 necesso
472 3309 529 3356 erat
547 3308 663 3358 aetatem
682 3306 843 3358 certantium
863 3309 1014 3362 accuratius
1033 3309 1153 3363 definire.

306 3393 325 3457 ²)
344 3390 415 3456 Quid
434 3389 530 3444 Pollux
540 3390 600 3444 1111
611 3396 643 3443 83
663 3391 857 3458 significaverit
874 3393 916 3446 his
929 3391 1181 3463 νειίιίοιἈθήνησι
1195 3399 1224 3451 δὲ
1238 3401 1284 3451 καί
1297 3397 1436 3453 συναυλία

198 3495 240 3544 τις
258 3479 400 3532 ἐκαλεῖτο.
427 3476 581 3544 συμφωνία
600 3493 647 3540 τις
666 3480 740 3544 αὕτη
760 3483 821 3532 τῶν
848 3481 878 3534 ἐν
897 3483 1112 3548 Παναθηναίοις
1130 3485 1364 3548 συναυλούντων,
1382 3483 1433 3536 iam

198 3565 249 3618 hoo
267 3570 385 3630 tempore
404 3562 533 3631 expiscari
551 3579 605 3616 non
623 3563 701 3629 licet,
720 3565 755 3616 ci.
774 3564 873 3617 Breuer
891 3565 909 3618 l.
930 3582 951 3618 o.
970 3583 996 3634 p.
1016 3573 1049 3620 29
1068 3584 1107 3636 sq.

308 3649 328 3716 ¹)
360 3649 430 3703 Belli
458 3649 677 3719 Peloponnesiaci
707 3655 796 3704 aetate
826 3651 995 3726 parodiarum
1026 3670 1144 3724 quoque!
1161 3659 1253 3724 poetas
1286 3657 1470 3727 certamina„-

200 3735 294 3789 iniisse
312 3735 411 3788 scimus
429 3733 582 3802 Hegemone
600 3735 707 3803 Thasio,
729 3743 760 3790 ut
778 3728 893 3793 videtur.
919 3743 1035 3798 auctore,
1057 3742 1090 3792 ci.
1112 3757 1180 3808 quae
1201 3742 1266 3795 Aah.
1289 3741 1339 3795 XV
1360 3746 1436 3794 699a
1490 3729 1493 3736 Δ

145 3827 150 3836 ’
199 3841 213 3876 e
243 3822 394 3876 Polemonis
424 3823 493 3875 libro
528 3827 593 3890 περὶ
622 3829 682 3877 των
713 3825 765 3888 τὰς
795 3825 943 3893 παρῳδίας
979 3829 1173 3894 γεγραφότων
1204 3827 1361 3880 duodecimo
1391 3826 1433 3880 de-

200 3910 465 3977 soripsitr‘rodrurv
494 3911 524 3962 δὲ
551 3914 665 3976 πρῶτος
693 3909 823 3976 εἰσῆλθεν
858 3911 896 3976 είς
928 3915 996 3976 τοὺς
1027 3913 1142 3977 ἀγῶνας
1171 3918 1240 3976 τους
1270 3916 1435 3978 θυμελικοὺς

176 3997 179 4011 ’
200 3998 341 4061 Ἡγήμων,
360 3999 407 4050 καὶ
426 3994 492 4064 παρ’
511 3994 672 4062 Ἀθηναίοις
690 3995 822 4063 ἐνίκησεν
841 3999 937 4062 ἄλλαις
955 4015 988 4052 τε
1006 3999 1164 4068 παρῳδίαις
1183 4003 1230 4053 καί
1249 4005 1284 4068 τῇ
1306 4001 1323 4053 Γ
1325 4017 1436 4066 ιγαντο-

201 4080 293 4150 μαχίᾳ.
320 4098 387 4150 quae
414 4082 561 4136 certamina
578 4097 631 4134 non
652 4082 791 4151 Dionysiis
815 4083 925 4149 (Athen.
943 4083 1028 4137 VlIII
1050 4089 1099 4137 407
1117 4090 1154 4150 a),
1175 4086 1219 4138 sed
1240 4084 1434 4160 Panathenaeis

200 4171 261 4221 acta
284 4183 341 4221 esse
364 4168 449 4236 ipsine
472 4167 636 4236 Hegemonis
666 4168 745 4222 verba
769 4170 953 4224 demonstrare
978 4169 1113 4236 videntur,
1132 4172 1165 4226 of.
1184 4187 1226 4226 vv.
1241 4159 1350 4225 '18-20
1367 4157 1434 4239 ap'u'd

154 4259 155 4266 ’
200 4241 297 4307 Athen.
331 4251 381 4308 XV
413 4258 464 4307 698
495 4254 508 4306 ί
541 4257 680 4308 τριταίοις
719 4253 817 4309 Ταυτά
853 4273 899 4321 μοι
931 4255 1097 4323 ὁρμαίνοντι
1129 4257 1289 4325 παρίστατο
1322 4258 1435 4320 Παλλὰς

197 4337 322 4407 Ἀθήνη,
345 4346 456 4410 χρυσῆν
475 4341 583 4408 ῥάβδον
608 4343 721 4408 ἔχουσα,
745 4345 791 4395 καὶ
810 4344 918 4408 ήλασεν
937 4343 997 4396 είπέ
1015 4359 1048 4398 τε
1067 4348 1162 4412 φωνή·
1185 4345 1273 4398 Δεινὰ
1297 4347 1435 4408 παθοῦσα,

200 4427 281 4491 Φακή
303 4429 435 4496 βδελυρή,
454 4430 541 4496 χώρει
559 4429 582 4492 ’ς
599 4429 651 4482 τὸν
669 4427 777 4494 ἀγῶνα.
798 4428 830 4481 of.
850 4427 884 4480 H.
904 4428 1035 4481 Schrader
1054 4429 1124 4485 Mus.
1143 4429 1231 4483 Rhon.
1251 4429 1301 4483 XX
1321 4433 1370 4483 186
1392 4445 1434 4496 sq..

202 4514 289 4580 Bergk
308 4513 326 4566 l.
337 4529 357 4567 c.
369 4513 399 4568 ll
416 4518 466 4568 487
487 4513 549 4568 adn.
560 4518 584 4579 3,
595 4520 620 4578 6,
639 4513 685 4582 qui
704 4512 921 4568 Chamaeleontis
934 4511 1107 4568 Heracleotae
1125 4515 1308 4570 narrationem
1327 4514 1435 4583 (Athen.

205 4598 292 4653 Villi
311 4604 361 4652 407
381 4599 437 4669 bo)
456 4601 529 4654 omni
548 4600 600 4654 fide
618 4616 704 4654 carere
723 4600 918 4653 demonstrant.
