3280 5100
238 347 295 412 108

232 536 394 618 spectabat
424 535 522 618 igitur
552 533 664 597 titulus
695 533 734 597 ad
757 533 845 598 ludos
870 533 903 595 in
927 531 1150 613 Agrioniorum
1173 530 1380 596 sollemnibus
1404 533 1472 595 cdi-

232 641 279 704 tos
291 637 327 721 ¹),
362 657 439 720 quae
468 637 501 701 in
531 636 647 702 Bacchi
677 637 824 700 honorem
855 635 1010 699 celebrata
1033 653 1101 698 esse
1124 634 1196 697 inde
1219 651 1341 716 quoque
1364 635 1471 717 colligi
1564 689 1569 696 .

231 744 350 825 potest,
374 745 454 823 quod
478 741 509 804 in
534 740 732 822 praescriptis
756 745 878 822 praeter
900 739 1100 815 archontem,
1126 738 1368 819 agonothetam,
1391 738 1470 802 arti·

231 843 324 907 ficum
359 843 549 908 sacerdotem
584 843 679 906 etiam
717 842 832 906 Bacchi
865 841 1010 906 sacerdos
1045 843 1305 904 commemoratus
1340 844 1397 904 est.
1438 843 1471 904 in

231 963 340 1010 museo
363 945 511 1010 Thebano
533 947 719 1010 adservatur
741 945 830 1026 lapis,
847 945 898 1008 cui
922 945 1012 1008 index
1036 944 1190 1008 viatorum
1213 943 1404 1007 musicorum
1420 942 1468 1006 in-

231 1050 373 1132 sculptus
397 1051 446 1113 est
471 1049 524 1130 (et.
548 1050 629 1130 App.
653 1048 735 1128 ΧΙ.).
765 1036 818 1129 qui
849 1052 956 1112 utrum
987 1044 1026 1110 ad
1057 1047 1145 1110 ludos
1169 1045 1333 1110 Thebanos
1358 1065 1397 1110 an
1428 1047 1469 1109 ad

231 1153 403 1218 certamina
426 1153 459 1216 in
482 1151 545 1217 alia
568 1151 713 1216 Boeotiae
745 1152 818 1214 urbe
851 1151 1004 1216 celebrata
1027 1153 1198 1232 pertineat,
1223 1151 1314 1214 hodie
1344 1148 1469 1213 definiri

231 1257 347 1338 nequit,
372 1275 454 1335 oum,
479 1273 538 1337 quo
562 1255 662 1319 loco
655 1274 681 1318 rs
705 1254 852 1320 inventus
874 1255 927 1330 sit,
950 1255 1118 1335 ignoretur

150 1449 168 1466 r
311 1373 488 1468 Q⁹
489 1377 500 1456 )
532 1375 653 1456 praeter
683 1375 878 1479 Eleutherio,
913 1393 992 1456 quae
1021 1376 1115 1438 antea
1149 1373 1404 1451 commemorari,
1434 1375 1467 1437 in

232 1477 313 1542 lovis
335 1479 480 1544 honorem
505 1498 540 1543 ac
542 1481 574 1542 ta
542 1477 655 1553 talia
671 1497 791 1574 quoque
814 1477 1023 1542 Eleutherio
1017 1497 1048 1542 ια
1071 1478 1219 1541 honorem
1234 1477 1351 1541 Bacchi
1368 1478 1467 1540 musi-

230 1582 273 1646 cis
297 1582 521 1647 certaminibus
551 1558 706 1646 celebrata
674 1586 794 1646 tasse
818 1581 930 1646 titulus
962 1577 1182 1646 demonstrare
1185 1576 1290 1644 videt
1277 1585 1339 1658 tur,
1374 1599 1469 1662 quem

231 1682 328 1746 edidit
315 1684 437 1748 tKeil
468 1683 1189 1768 (Archaol.Anzeig.1859p.149ethnn
1215 1685 1292 1766 phil.
1308 1685 1410 1768 suppl
1435 1685 1468 1750 ll

229 1785 293 1852 509
315 1805 346 1848 n.
370 1787 420 1868 7):
456 1788 559 1869 ἀγαθή
594 1789 682 1872 τύχῃ·
704 1787 782 1870 Ιέπὶ
815 1789 928 1866 ἱερέως
964 1794 1021 1852 τοῦ
1051 1787 1240 1872 Διονύίσου
1275 1783 1470 1867 Ἐλευθέρου

229 1880 474 1974 Απολλίλωνίου
509 1898 566 1956 τοῦ
601 1887 853 1978 Στρατοκλέ[ους
874 1895 878 1972 Ι
898 1894 948 1956 καὶ
972 1893 1146 1971 πυρφόρον
1170 1892 1338 1956 Λυσίππου
1363 1894 1430 1971 [τοῦ
1459 1894 1462 1972 Ι

228 1981 453 2070 Ἀριστίωνος
494 1994 819 2077 ἀγωνο[θ]ε]τοῦντος
852 1996 891 2058 τὸ
922 1995 1115 2076 δεύλτερονλ
1140 1986 1349 2072 Αριστίωνος
1376 2001 1469 2068 troo

227 2097 466 2172 Στρατοκλέους
487 2093 525 2177 Ι>
513 2097 652 2161 ενείκων
669 2096 883 2180 σάλπισλτὴςλ
899 2085 992 2186 ’Api
983 2100 1102 2179 χτήμων
1118 2074 1286 2170 Μενίππου
1305 2094 1463 2184 Ὑλαλῑοςί

228 2202 324 2275 κῆρυξ
344 2199 349 2279 Ι
369 2193 511 2282 Φίλωθλν
494 2195 717 2286 ν[Φι]λώτου
751 2199 1000 2282 Μυ[καλήσσιος
1008 2199 1079 2284 ?³.])
1109 2201 1282 2264 ceterorum
1307 2199 1468 2266 artificum

228 2299 355 2365 nomina
378 2300 410 2362 in
434 2301 490 2364 hoc
513 2301 615 2382 lapide
638 2305 831 2366 evanuerunt
854 2301 967 2372 omnia
1014 2353 1015 2357 ,

331 2403 525 2484 Acraephiae
547 2405 580 2468 in
607 2404 763 2486 Apollinis
787 2404 871 2474 Ptoii
894 2405 1040 2470 honorem
1070 2405 1234 2470 sollemnia
1250 2407 1469 2488 pentaeterica

228 2493 485 2570 celebraeTe‘ss'e
499 2526 515 2570 e
538 2506 631 2570 titulo
655 2507 875 2588 comperimus,
898 2527 992 2588 quern
1015 2513 1085 2588 post
1104 2507 1187 2572 alios
1211 2507 1308 2573 edidit
1333 2511 1364 2574 et
1387 2527 1464 2589 sup-

228 2608 329 2690 plerit
352 2608 426 2686 Keil
462 2607 538 2692 Syll.
562 2629 591 2692 p.
619 2610 679 2674 132
703 2630 732 2676 n.
757 2609 843 2690 33⁴).
883 2610 984 2675 medio
1008 2612 1134 2674 saeculo
1158 2610 1258 2702 primo
1282 2631 1309 2677 a.
1334 2611 1409 2676 Chr.
1429 2611 1464 2674 in

331 2851 350 2912 ¹)
370 2847 404 2900 cf.
422 2847 528 2916 Hesych
545 2843 706 2916 Ἀγριάνια.
718 2887 742 2901 ..
765 2849 876 2914 ἀγῶνες
904 2851 934 2903 ἐν
954 2851 1068 2918 θήβαις.
1097 2851 1139 2904 his
1164 2853 1282 2906 inludis
1302 2852 1462 2924 Pythoclem

226 2934 306 2986 illurn
325 2934 370 3000 (cf.
383 2936 463 2987 antea
476 2950 500 3002 p.
515 2941 573 3000 102)
592 2936 688 2989 vicisse
702 2937 758 2989 reri
773 2937 861 2990 simile
876 2939 925 2989 est.
944 2940 1026 3004 atque
1039 2937 1213 2991 Athenienses
1227 2938 1344 2992 theorias
1358 2939 1463 2992 Thebas

226 3019 330 3072 misisse
348 3021 435 3074 elucet
453 3035 483 3073 ex
503 3021 585 3074 titulo
605 3023 758 3089 Ἀθηναίου
779 3023 816 3076 vl
840 3027 890 3076 369
915 3040 940 3077 n.
961 3029 989 3075 3:
1021 3025 1037 3078 d
1057 3025 1145 3090 δῆμος
1164 3026 1179 3078 ὁ
1200 3023 1358 3093 Θηβαίω(ν)
1379 3025 1467 3093 ἀρχε-

225 3107 337 3175 θέωρον
352 3110 357 3171 Ι
373 3105 412 3170 είς
427 3108 431 3175 Ι
448 3107 608 3176 Ἠράκλειία
626 3109 898 3178 παραγελνόμενίον.
935 3109 1032 3162 'thebis
1057 3109 1139 3162 etiam
1159 3109 1236 3162 Sulla
1254 3111 1370 3178 epinicia
1387 3127 1462 3178 spec-

226 3193 323 3245 taculis
342 3193 494 3256 celebrarit,
514 3195 546 3246 cf.
567 3194 639 3247 Plut.
658 3196 725 3251 sill.
746 3200 786 3249 re.

329 3279 349 3341 ²)
369 3277 503 3330 Lebadiae
522 3294 551 3330 aa
564 3282 653 3333 aetate
666 3282 770 3334 musica
783 3297 887 3349 quoque
906 3283 1055 3336 certamina
1069 3285 1129 3336 acta
1146 3300 1204 3337 esse
1222 3284 1396 3337 statuendum
1410 3289 1462 3349 est,

225 3363 249 3416 si
267 3365 338 3416 recta
355 3363 384 3415 in
403 3363 520 3419 Nicoclis
548 3365 697 3418 citharoedi
724 3367 808 3420 titulo
833 3367 963 3423 Βασίλεια
991 3368 1025 3421 ad
1049 3369 1152 3422 Basilia
1170 3370 1303 3424 Lebadiae
1328 3371 1466 3424 celebrata

224 3449 397 3504 rettulerunt.
417 3450 518 3504 titulus
536 3454 637 3516 antem,
655 3467 734 3520 quem
754 3453 895 3507 ediderunt
915 3455 977 3509 Keil
996 3457 1062 3524 Syll.
1081 3473 1107 3524 p.
1126 3461 1156 3509 71
1176 3474 1200 3510 n.
1216 3461 1240 3522 7,
1259 3455 1368 3510 Larfeld
1392 3459 1465 3527 Syll.

226 3541 265 3606 70,
276 3539 360 3592 Ουτοι
373 3538 444 3592 Del.²
463 3537 566 3604 323‚ad
585 3553 686 3606 agonas
705 3540 843 3607 gymnicos
862 3541 1015 3592 referendus
1035 3544 1082 3593 est
1103 3544 1199 3594 fratres
1219 3542 1270 3595 dno
1289 3529 1467 3607 νιιτάσαντεςι

226 3623 357 3679 Βασίλεια
375 3627 616 3678 commemorantur
635 3625 662 3677 in
682 3626 765 3678 titulo
785 3625 938 3693 Tanagraeo
953 3620 1109 3693 Ἀθηναίου
1130 3627 1190 3682 ΙΙΙΙ
1221 3635 1271 3682 210
1290 3646 1316 3683 n.
1337 3635 1359 3680 1.
1379 3630 1463 3696 (Lar-

224 3709 280 3762 fald
300 3709 364 3777 Syll.
385 3714 456 3774 496).

328 3795 346 3860 ³)
365 3793 450 3862 Keilii
469 3797 670 3864 supplementa,
689 3814 850 3867 quamquam
869 3816 898 3852 ea
916 3799 1018 3853 ineerta
1036 3803 1111 3865 sunt,
1132 3805 1223 3870 recepi.

328 3881 347 3944 ί)
366 3881 524 3934 Laudentur
543 3882 665 3936 homines
684 3883 810 3951 quidam,
835 3885 903 3952 quod
930 3886 1166 3954 „decredendum
1185 3894 1227 3958 τῷ
1248 3906 1280 3945 τε
1297 3886 1465 3945 Ἀπόλλωνι

182 4001 188 4010 ·
222 3972 265 4035 τῷ
289 3967 397 4035 Πτωίψ
425 3969 471 4020 καὶ
499 3970 579 4033 aldor
606 3975 667 4033 τοῖς
694 3969 848 4038 πολείτλαις
875 3971 913 4035 εἰς
937 3973 1142 4040 καθίελστίασιν
1166 3973 1204 4040 είς
1231 3976 1268 4030 τὰ
1292 3975 1396 4032 Πτώῖα
1421 3979 1463 4031 τὰ.

178 4079 180 4089 v
222 4053 410 4122 πεν(τ)έτειρα
431 4053 569 4122 ἀργυρίου
588 4055 718 4110 Ἀττικοί)
739 4058 866 4126 δραχμὰς
885 4058 1036 4125 δισχιλίαςιι
1056 4059 1383 4134 initiosaeculiprimip
1394 4061 1462 4118 Chr.

222 4137 293 4190 hunc
311 4153 398 4205 agona
419 4153 466 4206 per
484 4140 632 4207 complures
650 4158 733 4195 annos
752 4147 841 4195 actum
866 4159 918 4196 non
947 4160 1004 4196 esse
1028 4147 1112 4198 testei
1085 4150 1188 4200 at·tu1
1176 4147 1275 4201 titulus
1303 4149 1363 4203 CIG
1383 4155 1462 4214 leto,

222 4238 300 4290 quern
319 4225 420 4291 optime
439 4227 554 4278 correxit
572 4225 634 4280 Keil
652 4228 719 4298 Syll.
729 4245 754 4297 p.
772 4233 817 4282 137
837 4244 891 4297 sq.;
884 4228 949 4282 ibi
967 4232 1040 4283 enim
1059 4237 1136 4299 praet
1138 4251 1166 4286 er
1124 4233 1239 4287 talia
1258 4235 1461 4303 Epaminondae

221 4308 359 4362 cuiusdam
379 4309 505 4363 beneficia
523 4311 587 4364 haec
606 4329 711 4382 quoque
730 4323 985 4371 commemorantur:
1011 4320 1210 4386 ἐγλελοιπότος
1228 4324 1283 4391 γὰρ
1304 4325 1359 4390 ἤδη
1379 4325 1462 4391 τριά·

166 4392 172 4440 ἶ
221 4411 310 4449 κοντα
329 4397 379 4462 ἔτη
398 4401 451 4449 τοί)
470 4401 531 4451 τῶν
550 4399 678 4453 Πτωίων
697 4400 818 4466 ἀγῶνος,
838 4409 1027 4469 κατασταθεὶς
1046 4407 1232 4502 ἀγωνοθέτης
1245 4412 1458 4478 προθυμότατα

221 4483 371 4538 ἐπεδέξατο
399 4485 588 4551 φιλοδοξήσας
615 4488 648 4540 τὸ
679 4488 900 4544 ἀνανεώσασθαι
930 4493 985 4558 τὴν
1015 4493 1193 4562 ἀρχαιότητα
1224 4501 1285 4550 τῶν
1318 4497 1460 4562 μεγάλων

220 4570 347 4622 Πτωῖων
366 4573 412 4623 καὶ
432 4570 617 4640 Καισαρὴων.
