3240 5112
1348 359 1395 422 ‘4'3

157 553 331 619 memoratu
355 551 450 635 digna
479 551 628 616 videntur
659 549 813 616 adnotabo
830 547 864 630 ¹).
898 549 1019 630 primus
1042 547 1141 632 igitur
1164 551 1289 629 propter
1312 549 1393 612 anti-

160 655 326 739 quissimas
349 655 528 720 litterarum
546 655 660 718 formas
677 652 837 736 ponendus
854 667 920 716 esse
935 650 1059 716 videtur
1074 651 1187 714 titulus
1205 649 1304 715 dial
1320 649 1396 732 421,

158 759 223 842 qui,
248 777 318 822 cum
342 775 436 840 prope
458 756 575 821 fontem
589 755 764 820 Callirhoen
789 753 873 818 baud
888 753 994 834 procul
1010 751 1049 818 ab
1066 752 1158 818 Ilisso
1181 753 1324 834 repertus
1340 751 1396 829 sit,

156 863 195 925 ad
218 859 389 942 Thargeliu
411 861 551 940 spectare
575 858 714 922 videtur:

511 975 630 1044 Καλλίι.
645 1027 651 1041 .
667 975 826 1066 ,[νικήσαε
849 979 1001 1056 ἀνέθηκεν
1015 979 1040 1058 Ω)

508 1083 677 1161 χορεγ[ῶν.
692 1131 699 1146 .
714 1129 721 1144 .

509 1181 703 1270 Κεκροίπίδι.
718 1233 724 1247 .
739 1234 746 1248 .

509 1287 583 1350 Νικο
592 1335 707 1352 ......
728 1287 753 1366 3)

157 1425 257 1488 neque
281 1423 352 1471 vero
374 1423 414 1469 an
437 1405 462 1468 is
480 1404 595 1469 titulus
617 1405 743 1488 publico
766 1407 968 1470 monumento
991 1407 1165 1488 insculptus
1181 1405 1286 1485 fuerit,
1310 1407 1397 1471 entra

158 1528 284 1573 ornnem
306 1505 533 1573 dubitationem
556 1510 695 1589 positum
726 1513 782 1574 est.
821 1508 944 1573 collatis
979 1509 1064 1574 enim
1093 1509 1197 1574 titulis
1219 1507 1279 1572 III.
1303 1508 1335 1572 et
1357 1507 1396 1572 V.

158 1615 199 1692 (p.
224 1612 263 1676 31
288 1612 346 1694 sq.)
371 1613 407 1690 is,
433 1611 553 1693 dequo
577 1611 691 1694 agitur,
716 1611 774 1676 boo
801 1630 922 1693 qnoque
954 1613 1044 1678 modo
1074 1613 1178 1694 potest
1201 1611 1353 1694 suppleri:

323 1721 327 1731 ’
570 1733 666 1796 uolt.
680 1735 744 1807 .[..
773 1735 831 1794 τοῦ
855 1735 959 1796 δεῖνος

568 1833 728 1916 χορηγ[ῶν
750 1832 838 1897 ἐνίκα

571 1937 750 2016 Κεκρο[ιτίδι
772 1934 912 2001 Αἰαντίδι
927 1935 952 2014 4)

571 2041 715 2120 Νικοί...
746 2039 898 2116 ἐδίδασκε.

158 2160 205 2224 ita
227 2161 263 2224 ut
285 2160 349 2226 iam
372 2179 450 2241 eam,
475 2179 553 2243 quae
576 2162 609 2225 in
632 2160 843 2226 monumentis
866 2157 1003 2240 publicis
1034 2159 1152 2223 usitata
1175 2162 1233 2242 est,
1265 2158 1398 2224 formam

159 2262 336 2328 habeamus.
519 2299 520 2302 τ

263 2365 335 2430 Sine
360 2365 453 2431 dubio
483 2369 588 2432 autem
620 2367 761 2447 privatus
795 2365 955 2430 habendus
989 2369 1036 2429 est
1071 2365 1183 2430 titulus
1213 2363 1282 2430 din
1296 2363 1393 2443 1422

160 2469 391 2552 (Dittenberger
415 2469 490 2552 Syll.
514 2470 594 2550 22):
898 2474 900 2477 ’

155 2586 407 2669 Ἀριστοκράτηε
431 2593 436 2674 t
460 2591 571 2656 Σκελίο
598 2596 605 2668 l
630 2589 807 2674 ἀνέθηκεν)
827 2583 958 2668 νικήσας
992 2589 996 2672 )
1023 2588 1217 2672 Κεκροπίδη.
1231 2638 1238 2654 .
1252 2637 1260 2654 .
1274 2586 1314 2668 .⁵)
1337 2587 1342 2671 l
1363 2589 1400 2652 ἐν

593 2692 759 2776 ἑορτίῇ...
783 2693 820 2774 6)]
841 2717 938 2760 .ι...

163 2808 366 2816 ——--—.

266 2883 284 2939 ¹)
303 2877 355 2930 Hic
373 2879 571 2931 commemorari
590 2877 689 2930 debent
707 2879 790 2931 etiam
819 2879 1017 2946 epigrammata
1041 2877 1098 2940 illa,
1122 2892 1191 2946 quae
1218 2877 1289 2929 inter
1313 2875 1401 2930 Simo-
1446 2909 1453 2916 -

162 2960 236 3014 nidis
260 2962 387 3029 reliquias
408 2967 465 3014 147.
491 2965 549 3022 148.
573 2966 678 3030 recepta
702 2966 777 3026 sunt,
797 2965 824 3016 et
845 2965 1016 3032 epigramma,
1042 2963 1112 3032 quod
1131 2963 1201 3016 inter
1225 2964 1399 3017 Anacreontis

160 3047 289 3115 reliquias
312 3049 385 3100 extat
404 3046 472 3102 CVI.
491 3064 544 3116 quo
572 3051 664 3100 autem
689 3049 855 3102 referendum
875 3049 913 3101 sit
931 3051 1095 3116 epigramma
1120 3048 1309 3102 Theocriteum
1327 3047 1399 3102 XII:

144 3134 331 3201 ’Δημομέλης
358 3136 374 3188 ὁ
392 3136 524 3202 χορηγὸς,
544 3137 559 3188 ὁ
578 3135 631 3188 τὸν
649 3127 766 3202 τρίποδ’,
786 3135 809 3188 ιθ
829 3135 960 3198 Διόνυσε,
977 3137 981 3200 Ι
997 3137 1042 3188 καὶ
1061 3137 1093 3189 ct
1111 3137 1164 3189 τὸν
1184 3135 1302 3198 ἥδιστον
1321 3139 1399 3190 θεῶν

163 3220 300 3288 μακάρων
319 3219 462 3286 ἀναθείς,Ι
496 3221 609 3288 μέτριος
628 3221 664 3286 ἠν
684 3221 716 3274 ἐν
734 3225 811 3274 πᾶσι·
838 3225 916 3288 χορῷ
942 3219 1111 3286 δ’ἐκτήσατο
1137 3219 1240 3288 νίκηνΙ
1274 3220 1394 3289 ἀνδρῶν
1429 3229 1431 3234 ·

160 3308 206 3358 καὶ
225 3309 260 3360 τὸ
279 3307 367 3360 καλὸν
386 3307 486 3360 καὶτὸ
505 3308 650 3374 προσῆκον
670 3308 757 3374 ὁρῶν,
776 3306 900 3374 equidem
919 3308 1015 3358 neseio.

266 3411 289 3478 2)
311 3409 355 3463 Ita
373 3409 445 3462 enim
464 3409 641 3477 supplendum
655 3414 703 3473 est,
717 3411 740 3462 si
753 3409 853 3463 titulus
866 3410 899 3463 ad
913 3413 1118 3464 monumentum
1132 3411 1269 3478 privatum
1284 3411 1357 3477 spect
1376 3412 1398 3462 t.

181 3497 183 3502 ’
265 3513 285 3578 ³)
304 3529 329 3568 v.
349 3518 364 3563 2
383 3497 538 3566 certaminis
557 3529 642 3580 genus
660 3513 831 3580 designatum
849 3513 932 3567 fuisse
953 3513 1069 3578 videtur,
1087 3529 1111 3569 v.
1133 3519 1148 3564 3
1173 3512 1287 3565 fortasse
1307 3493 1398 3564 ¹altera

160 3597 249 3651 tribus
266 3599 409 3652 nominata
427 3601 497 3662 erat,
516 3615 541 3652 τ.
560 3604 576 3650 4
600 3599 714 3652 artificis
733 3615 830 3678 nomon
859 3599 1026 3668 insculptum
1051 3599 1135 3652 fuisse
1153 3597 1297 3652 Kirchhoff
1312 3597 1400 3666 suspi-

163 3686 252 3736 catnr:
272 3687 300 3736 at
319 3683 393 3738 chori
413 3700 516 3753 quoque
534 3687 664 3752 magister
682 3686 732 3738 hoc
750 3687 806 3740 loco
818 3687 910 3754 potuit
929 3685 1140 3740 commemorari.

266 3789 285 3853 ⁴)
314 3788 458 3841 Antelios
476 3789 564 3842 tribus
583 3805 691 3856 nomen3
718 3789 840 3843 additum
867 3795 927 3844 erat
954 3791 1067 3844 fortasse
1091 3789 1214 3855 παίδων,
1240 3789 1309 3858 quod
1333 3803 1400 3841 non·

163 3888 312 3941 numquam
336 3874 464 3926 omissum
486 3891 543 3928 esse
563 3875 762 3929 demonstratur
781 3878 861 3931 titulo
880 3877 929 3931 ΙΙΙ.

266 3976 286 4041 ⁵)
306 3975 407 4031 Utrum
426 3981 487 4046 post
506 3979 675 4049 Κεκροπίδη)
696 3981 874 4052 secutumxsit
891 3981 961 4034 alius
985 3980 1124 4034 cuiusdam
1143 3978 1231 4032 tribus
1250 3993 1345 4031 nomen
1365 3993 1399 4030 an

163 4078 210 4117 vox
228 4068 363 4132 χορηγῶν
383 4065 430 4116 aut
448 4067 533 4134 φυλῇ,
553 4066 659 4119 decerni
677 4066 798 4134 nequit.v

268 4167 287 4232 8)
307 4166 492 4236 Supplendum
512 4171 554 4222 est
577 4170 758 4232 Ἀπόλλωνος
777 4172 825 4222 ant
844 4169 997 4224 Διονύσου.
1026 4167 1166 4220 Kirchhoff
1189 4167 1285 4219 attulit
1310 4167 1397 4219 locum

161 4253 285 4308 Platonis
296 4253 377 4320 Gorg.
387 4253 439 4308 472
449 4255 484 4306 A:
498 4254 721 4324 Ἀριστοκράτης
735 4257 751 4309 ὁ
764 4253 888 4320 Σκελίου,
903 4254 936 4306 οὗ
952 4255 987 4307 oo
1002 4255 1079 4307 ἔστιν
1094 4254 1125 4306 ἐν
1137 4251 1247 4307 Πυθίου
1261 4251 1401 4318 (emenda-

161 4340 200 4392 vit
212 4339 355 4393 Kirchhoff
371 4355 384 4392 e
404 4339 533 4394 librorum
552 4342 800 4410 seriptural'ludoi)
814 4347 902 4395 τοῦτο
920 4343 955 4395 τὸ
968 4341 1056 4394 καλὸν
1070 4340 1211 4405 ἀνάθημα.
1231 4354 1295 4390 num
1307 4339 1398 4390 autern

160 4427 184 4478 is
201 4425 301 4478 titulus
320 4425 495 4478 Aristocratis
515 4431 689 4481 monumento
707 4429 750 4480 illi
768 4429 913 4495 inscriptus
932 4427 1023 4490 fuerit,
1044 4442 1125 4494 quam
1144 4427 1257 4479 maxime
1277 4424 1399 4478 dubitari

159 4525 235 4577 posse
260 4513 351 4563 mouet
379 4510 580 4580 Dittenberger·,
610 4530 670 4566 cunr
698 4515 823 4566 columna
847 4513 904 4576 illa,
931 4513 974 4565 cui
998 4513 1143 4580 inscriptus
1162 4513 1211 4575 est,
1231 4511 1341 4564 inventa
1360 4509 1400 4560 sit

159 4610 240 4662 propo
258 4597 392 4663 porticum
410 4597 532 4663 Ἀθηνᾶς
551 4599 745 4666 ἀρχηγέτιδος.
