3280 5100
1444 237 1505 303 ³101

270 433 346 493 ante
370 429 477 494 chores
502 425 550 510 (in
567 427 658 491 catal.
678 427 747 491 [ΙΙΙ.
762 445 791 490 v.
809 425 849 488 15
863 445 918 508 sq,
944 426 981 492 ct.
1006 426 1045 490 ΙΙ.
1071 445 1099 490 ν.
1124 425 1178 505 14;
1205 425 1264 489 ΙΙΙ.
1280 443 1308 488 v.
1328 425 1389 508 16),
1415 426 1510 490 medo

276 524 347 613 pest
361 532 468 596 choros
485 531 529 613 (in
542 530 681 611 catalogo
695 529 722 594 I.
732 548 761 596 τ.
773 529 826 607 28)
843 528 1160 606 commemorantur¹).
1175 530 1284 593 eodem
1295 528 1393 610 igitur
1406 531 1508 608 modo,

274 654 335 716 quo
351 637 382 700 in
399 634 503 698 titulis
520 633 693 717 choragicis
707 633 826 696 Atticis
845 632 945 698 tribus
970 633 1090 709 uictrix,
1108 631 1234 712 tibicen,
1252 631 1338 696 cheri
1356 633 1507 716 magister

275 740 490 815 nominantur,
526 737 576 800 hic
602 754 724 818 ,quoque
747 738 848 815 χορὸς
873 736 1001 815 ἀνδρῶν
1030 739 1062 799 et
1088 757 1115 814 χ.
1140 737 1282 818 παίδων,
1321 736 1454 814 αὐληταὶ
1475 739 1510 799 et

276 843 464 907 διδάσκαλοι
488 842 720 904 enumerantur.
751 839 895 921 magistri
905 838 966 902 ‘ilii
989 839 1022 902 in
1047 838 1239 903 Soterierum
1265 839 1406 920 catalogo
1432 837 1505 901 [ΙΙΙ.

275 964 303 1010 ν.
331 943 368 1007 17
393 944 580 1008 διδάσκαλοι
603 943 749 1020 αὐλητῶν
772 941 930 1018 dicuutur,
954 941 1069 1024 quibus
1094 942 1196 1005 verbis
1219 941 1365 1022 magistri
1388 941 1506 1023 signifi·

275 1048 337 1111 cati
361 1049 444 1130 suut,
468 1051 523 1109 aut
542 1046 614 1127 quia
635 1045 823 1110 tibicinibus
848 1045 937 1126 quasi
962 1044 1080 1108 addicti
1105 1049 1202 1122 erent,
1228 1045 1284 1108 aut
1306 1045 1412 1125 potius
1435 1045 1507 1126 quia

277 1151 420 1232 magistri
437 1150 526 1213 erant
542 1147 670 1226 ἀνδρῶν
687 1149 836 1224 αὐλητῶν
859 1150 890 1210 et
912 1148 1037 1212 παίδων
1062 1146 1218 1224 αὐλητῶν,
1242 1147 1280 1210 ct.
1298 1165 1392 1226 supra
1407 1167 1436 1229 p.
1454 1144 1506 1210 59.

275 1271 348 1316 cum
371 1270 442 1316 vero
465 1257 606 1315 assarum
629 1249 779 1312 tibiarum
804 1250 930 1314 cantum
953 1249 1083 1314 Soteriis
1119 1267 1242 1330 prorsus
1275 1245 1409 1313 defuisse
1441 1249 1507 1312 veri

275 1354 378 1420 simile
401 1373 462 1420 neu
485 1356 542 1434 sit,
577 1351 780 1416 statuendum
804 1355 928 1416 videtur
951 1356 1072 1418 eosdem
1096 1353 1241 1416 tibicines
1265 1353 1402 1433 primum
1426 1352 1508 1415 inter·

272 1458 397 1523 seassis
421 1457 508 1522 tibiis
531 1461 673 1522 cantasse
698 1457 729 1519 et
751 1457 862 1521 deinde
886 1459 986 1521 choris
1019 1457 1083 1521 iilis
1119 1457 1318 1520 succinuisse.
1365 1455 1396 1518 id
1426 1455 1507 1536 quod

274 1581 411 1626 summos
450 1579 569 1644 quoque
600 1560 744 1624 tibicines
785 1559 894 1624 fecisse
936 1561 1154 1625 demonstrant
1188 1579 1240 1638 ea,
1276 1577 1353 1640 quae
1392 1557 1508 1624 Chares

275 1667 363 1748 (Atb.
387 1664 447 1728 Xil
474 1664 538 1728 538
569 1666 628 1744 sq.)
664 1666 702 1726 de
725 1661 947 1725 certaminibus
973 1663 1010 1726 ab
1035 1664 1210 1727 Alexandro
1235 1661 1323 1726 Susis
1348 1661 1506 1726 institutis

273 1771 394 1832 narrat:
417 1772 583 1845 παρῆλθον
610 1767 647 1830 δὲ
670 1767 720 1830 καὶ
744 1766 884 1847 αὐληταί,
920 1766 953 1830 οἳ
981 1770 1112 1843 πρῶτον
1135 1767 1173 1830 τὸ
1197 1767 1332 1830 πυθικὸν
1354 1765 1509 1842 ηὔλησαν,

273 1867 331 1936 εἶθ’
347 1871 419 1948 ἑξῆς
442 1871 521 1949 μετὰ
544 1873 608 1932 τῶν
632 1873 739 1946 χορῶν
761 1869 917 1946 Τιμόθεος
942 1869 1101 1946 Φρύνιχος
1127 1870 1284 1948 Καφισίας
1305 1869 1507 1946 Διόφαντος,

272 1974 317 2038 ἔτι
345 1977 381 2038 δὲ
405 1973 501 2037 Εὐιος
525 1972 543 2036 ὁ
565 1971 747 2036 Χαλκιδεύς.
773 1971 827 2052 qui
849 1971 937 2034 locus
960 1989 995 2034 ec
1018 1971 1145 2035 maioris
1169 1971 1322 2036 momenti
1345 1975 1402 2047 est,
1426 1973 1506 2050 quod

272 2078 304 2138 in
329 2075 441 2140 ceteris
475 2092 596 2156 queque
619 2074 711 2138 rebus
735 2091 849 2154 agones
875 2073 923 2138 illi
946 2073 1114 2138 Alexandri
1156 2092 1249 2155 quam
1272 2075 1406 2138 maxime
1437 2092 1507 2137 cum

274 2179 465 2244 Soteriorum
489 2176 711 2240 certaminibus
736 2181 926 2259 coug1·uunt;
957 2197 1030 2242 nam
1054 2175 1141 2241 Susis
1165 2179 1197 2241 in
1218 2195 1363 2242 scaenam
1388 2175 1506 2259 prodie-

272 2284 348 2347 runt
364 2281 531 2366 ῥαψῳδός,
544 2280 809 2358 ψιλοκιθαρισταί,
823 2281 1005 2364 κιθαρψλοί,
1022 2281 1173 2364 αὐλῳδοί,
1191 2280 1257 2360 (ηαί
1273 2280 1305 2344 iu
1316 2279 1507 2344 Soterierum

272 2387 420 2466 agonibus
444 2402 505 2446 non
529 2383 717 2463 certabant),
754 2383 900 2460 αὐληταί,
925 2384 1060 2461 αὐληταί
1084 2385 1162 2462 μετὰ
1186 2387 1309 2460 χορῶν,
1348 2385 1508 2468 τραγῳδοί

275 2489 382 2570 (tres),
406 2488 558 2572 κωμῳδοί
585 2487 693 2566 (tres),
718 2487 852 2566 ψάλτης.
886 2487 911 2550 si
935 2489 1032 2568 igitur
1055 2487 1087 2549 in
1111 2486 1254 2566 catalogo
1278 2488 1318 2548 It.
1345 2505 1371 2548 v.
1398 2485 1439 2548 14
1461 2504 1508 2566 sq.

272 2592 354 2655 recte
378 2594 442 2654 tres
465 2590 619 2654 nominati
642 2593 717 2652 sunt
740 2589 901 2666 tibicines,
934 2589 989 2652 hos
1013 2607 1119 2654 omnes
1147 2591 1229 2653 inter
1255 2606 1287 2651 se
1311 2587 1348 2651 de
1371 2589 1508 2670 praemio

271 2694 349 2756 assis
389 2692 475 2756 tibiis
513 2693 702 2768 decertasse,
733 2692 809 2756 duos
851 2691 961 2772 postea
1000 2692 1101 2755 eboris
1140 2691 1330 2755 succinuisse
1367 2693 1508 2755 statuen-

272 2795 347 2857 dum
372 2797 429 2858 est.
1124 2793 1125 2796 ’
1227 2792 1230 2796 “

374 2920 520 3003 Singulos
554 2921 692 2986 virerum
727 2939 956 3003 puerorumque
990 2923 1095 2986 choros
1118 2923 1165 2987 ita
1188 2923 1303 2987 diuisos
1336 2922 1448 3003 fuisse,
1473 2923 1511 2986 ut

272 3025 360 3108 quini
395 3025 493 3090 artius
526 3025 608 3090 inter
642 3045 675 3090 se
709 3025 974 3108 coniungerentur
1013 3027 1044 3090 et
1081 3029 1164 3092 certo
1195 3026 1260 3090 loce
1295 3025 1508 3114 unusquisque

271 3129 428 3194 nominari
451 3131 580 3207 soleret,
612 3132 702 3194 acute
725 3129 882 3210 perspexit
906 3132 943 3194 A.
961 3129 1134 3194 Mommsen
1165 3129 1186 3194 l.
1212 3149 1238 3196 c.
1262 3149 1290 3211 p.
1314 3131 1396 3214 218,
1431 3147 1508 3212 quo·

271 3251 342 3297 rum
372 3236 425 3314 qui
447 3235 547 3314 primo
566 3234 638 3300 ‚loco
662 3233 772 3314 scripti
796 3233 870 3296 sunt
905 3235 945 3296 et
966 3232 1083 3298 maiore
1105 3239 1172 3298 arte
1195 3235 1261 3298 sine
1285 3233 1381 3299 dubio
1405 3233 1506 3297 excel-

273 3335 338 3400 lere
361 3331 530 3415 debebant,
553 3336 696 3418 componi
720 3339 850 3418 possunt
873 3353 945 3400 cum
963 3336 1028 3400 iltis
1044 3337 1231 3416 bominibus,
1256 3338 1310 3418 qui
1335 3338 1405 3400 aliis
1428 3337 1505 3400 locis

271 3445 442 3520 κορυφαῖοι
466 3443 522 3504 aut
536 3440 691 3519 ἡγεμόνες
711 3439 868 3504 dicuntur.
892 3457 1024 3522 quorum
1039 3439 1261 3504 auctoritatem
1278 3440 1359 3504 haud
1376 3456 1507 3520 parvam

275 3597 478 3612 θ--Μ--οα-η

361 3691 394 3752 '¹)
414 3687 555 3740 Artificum
576 3687 675 3740 indices
694 3687 761 3740 satis
781 3689 953 3757 neglegenter
972 3689 1074 3742 exarati
1093 3692 1156 3742 sunt
1181 3690 1233 3756 ita,
1252 3694 1284 3743 ut
1303 3705 1379 3756 saepe
1398 3688 1507 3754 nomina

271 3769 369 3823 omissa
386 3771 445 3823 sint
461 3771 569 3838 aliaque
587 3772 695 3824 subsint
714 3773 817 3826 menda.
849 3773 877 3826 in
897 3777 1022 3844 catalogo
1040 3775 1079 3830 11.
1098 3791 1123 3833 v.
1144 3783 1175 3830 14
1194 3793 1232 3846 sq.
1253 3780 1309 3830 tres
1329 3775 1506 3828 nominantur

271 3855 410 3922 tibicines,
442 3857 535 3910 nuilus
554 3859 696 3924 magister;
727 3861 756 3910 at
775 3859 928 3914 referendus
946 3863 988 3914 est
1006 3861 1058 3914 huc
1076 3863 1132 3916 sine
1158 3861 1238 3914 dubio
1267 3863 1314 3915 ille
1337 3863 1510 3925 διδάσκαλος

267 3943 419 4011 Πρόνομος
437 3943 626 4008 Διογείτονος
646 3945 795 4008 Βοιώτιος,
814 3947 902 4014 ηιιίν.
922 3951 955 4002 80
973 3947 1084 4001 additus
1102 3951 1151 4001 est.
1170 3948 1199 4000 in
1218 3933 1342 4016 catalogo
1361 3947 1414 4002 ΙΙΙ.
1435 3963 1459 4000 ν.
1476 3954 1505 3999 lo

271 4047 341 4084 unus
360 4031 514 4084 nominatur
541 4029 656 4097 tibicen,
684 4032 726 4084 cui
754 4033 812 4085 sine
836 4033 918 4086 dubio
946 4033 1082 4088 addendus
1109 4037 1150 4086 est
1177 4035 1305 4101 αὐλητὴς
1337 4035 1512 4102 Ἐπικράτης

267 4112 445 4183 Ἀσιίιπιιινος
464 4119 600 4182 Βοιώτιος
619 4120 717 4172 ultimo
736 4121 792 4173 loco
812 4122 846 4188 (ν.
860 4124 902 4186 82)
920 4119 1033 4188 pesitus.
1051 4119 1184 4173 incedam
1203 4121 1326 4190 catalogo
1339 4123 1400 4189 post
1413 4121 1505 4173 choros

271 4207 390 4259 virorum
408 4221 477 4258 unus
497 4207 612 4273 scriptus
630 4209 672 4258 est
691 4207 860 4271 διδάσκαλος
879 4223 904 4260 ν.
919 4211 963 4259 41.
982 4207 1010 4259 in
1029 4207 1154 4273 catalogo
1175 4205 1197 4261 1.
1218 4208 1254 4274 (v.
1268 4209 1301 4259 28
1320 4210 1371 4274 sq.)
1390 4209 1417 4259 ct
1435 4205 1504 4260 ΙΙΙΙ.

269 4295 305 4356 (v.
326 4297 357 4344 lb
376 4293 426 4358 sq.)
452 4289 510 4342 bini
537 4289 663 4342 tibicines
691 4295 718 4343 et
747 4290 805 4345 bini
830 4292 956 4360 magistri
980 4292 1163 4345 nominantur.
1192 4291 1265 4345 nibil
1293 4295 1383 4345 autem
1406 4290 1511 4356 obstat,

267 4378 410 4444 quominus
438 4393 516 4444 saepe
543 4377 655 4430 eundem
682 4375 818 4433 hominem
846 4382 873 4431 et
901 4393 1041 4446 puerorum
1065 4379 1092 4430 et
1116 4377 1234 4430 virorum
1258 4377 1358 4430 cheros
1383 4377 1512 4430 docuisse:

267 4465 426 4518 statuamus.
