3280 5100
214 356 258 420 78

214 540 347 604 rinthios
364 539 586 604 citharoediam
610 556 671 602 non
687 539 867 603 exclusuros
884 540 989 616 luisse,
1003 538 1031 602 si
1047 539 1112 602 alia
1127 539 1335 604 certaminum
1351 541 1452 604 musi·

215 661 323 707 corum
358 661 474 726 genera
508 640 758 719 admisissent¹l‚
799 643 925 706 omnino
959 660 1075 724 agonas
1109 643 1244 706 musicos
1280 663 1342 706 non
1376 647 1452 708 ante

216 747 353 810 medium
377 745 537 811 saeculum
559 747 705 828 quartum
736 745 768 807 in
793 745 997 810 sollemnibus
1020 744 1200 809 Isthmiacis
1232 746 1355 810 habitos
1385 766 1453 810 esse

212 852 353 914 statuere
378 846 588 931 possumus2).

321 955 369 1018 Ad
408 957 561 1032 aetatem,
596 972 657 1036 qua
684 953 787 1034 prima
815 953 952 1016 Nemeae
987 953 1159 1016 certamina
1192 953 1324 1018 musica
1343 953 1455 1017 habita

108 1125 113 1132 ,
214 1057 298 1138 sint,
333 1057 543 1122 definiendam
575 1057 698 1122 nullum
735 1052 824 1120 nobis
857 1057 980 1139 praesto
1015 1061 1064 1120 est
1094 1056 1262 1120 indicum
1301 1061 1383 1122 certe
1420 1059 1454 1120 in

216 1158 356 1224 Nicoclis
381 1160 467 1224 illius
492 1160 697 1226 uictoriarum
720 1158 824 1222 indice
841 1159 961 1223 Nemea
976 1177 1038 1222 non
1052 1159 1263 1240 nominantur,
1287 1160 1353 1225 sire
1376 1160 1454 1241 quia
1499 1202 1505 1212 ·

216 1265 275 1328 illa
298 1265 400 1328 aetate
424 1263 457 1326 in
481 1263 525 1328 eis
548 1263 630 1328 ludis
647 1263 893 1328 citharoedomm
917 1277 1030 1345 agones
1054 1263 1192 1326 nondum
1215 1263 1247 1326 in
1270 1282 1329 1326 usn
1353 1268 1455 1343 erant,

214 1367 283 1430 sire
313 1369 386 1449 quia
416 1385 488 1431 casu
512 1366 617 1448 aliquo
640 1365 752 1430 artifex
775 1365 830 1430 ille
852 1366 1118 1446 praeclarissimus
1147 1385 1319 1447 numquam
1350 1367 1383 1430 in
1408 1368 1454 1431 eis

217 1469 381 1534 victoriam
405 1469 589 1551 reportarit.
628 1469 730 1552 prima
753 1489 793 1532 au
795 1473 858 1532 tem
883 1468 1073 1533 musicarum
1096 1469 1130 1532 in
1153 1468 1280 1534 Nemeis
1305 1470 1455 1558 commis-

148 1571 154 1632 ,¹
216 1575 341 1638 sionum
364 1573 543 1637 mentiofit
565 1574 726 1636 saeculot
728 1573 806 1636 ertio
830 1561 976 1649 exeunte,
1011 1591 1047 1636 co
1070 1576 1227 1652 t,empore
1260 1592 1321 1654 qno
1344 1573 1453 1638 Philo·

149 1714 151 1725 .
215 1665 483 1758 poemen'iieru'm
507 1667 630 1739 summo
652 1672 843 1756 magistratu
860 1674 1013 1755 iungebat
1016 1675 1096 1752 ur³‚)
1116 1674 1154 1738 cl
1168 1674 1258 1738 Plut.
1274 1675 1394 1758 Philop.
1416 1678 1454 1740 11

216 1778 598 1855 erPaus.V11150‚3:
633 1779 711 1857 μετὰ
742 1781 778 1843 δὲ
809 1778 848 1842 οὐ
879 1779 962 1842 πολὺ
993 1776 1140 1853 ἀγόντων
1165 1779 1280 1857 Νέμεια
1303 1777 1457 1857 Ἀργείων

217 1882 311 1960 ἔτυχε
334 1884 392 1960 μὲν
414 1885 480 1945 τῶν
503 1885 692 1965 κιθαρῳδῶν
715 1888 761 1964 τῷ
780 1879 878 1957 ἀγῶνι
894 1879 912 1944 ὁ
929 1881 1127 1957 Φιλοποίμην
1149 1882 1276 1959 παρών·
1300 1879 1456 1947 Πυλάδου

217 2090 440 2167 δοκιμωτάτου
466 2090 516 2152 καὶ
540 2088 740 2172 ἀνῃρημένου
756 2087 900 2164 Πυθικὴν
921 2088 1020 2163 νίκην,
1044 2087 1118 2150 τότε
1140 2089 1280 2170 ᾄδοντος
1299 2090 1457 2172 Τιμοθέου

218 2193 320 2270 νόμον
335 2197 393 2256 τοῦ
411 2191 568 2269 Μιλησίου
592 2193 725 2270 Πέρσας
748 2191 799 2254 καὶ
821 2191 1058 2281 καταρξαμένου
1075 2195 1133 2268 τῆς
1150 2191 1306 2272 ᾡδῆς....
1327 2191 1457 2257 ἀπεῖδεν

216 2297 256 2361 ές
279 2297 337 2360 τὸν
360 2296 577 2374 Φιλοποίμενα
599 2295 636 2358 τὸ
660 2293 850 2372 Ἑλληνικόν.
880 2294 1002 2356 sacculo
1025 2295 1123 2356 altero
1152 2295 1183 2356 et
1209 2295 1309 2374 primo
1332 2313 1359 2358 a.
1383 2293 1457 2380 Chr.

217 2399 393 2462 certamina
415 2397 536 2462 musica
558 2397 592 2461 in
615 2400 754 2479 utrisque
777 2396 981 2460 sollemnibus
1004 2397 1122 2460 usitata
1146 2396 1242 2460 fuisse
1270 2415 1305 2461 eo
1329 2396 1456 2461 demon-

219 2503 353 2576 stratur,
377 2503 458 2582 quod
483 2517 633 2583 magnum
658 2499 814 2582 quoddam
834 2499 988 2563 artificum
1012 2498 1179 2580 collegium
1202 2500 1240 2564 τὸ
1259 2501 1369 2565 κοίνόν
1391 2505 1458 2566 τῶν

215 2607 290 2683 περὶ
313 2607 370 2669 τὸν
391 2603 559 2668 Διόνυσον
574 2604 726 2682 τεχνιτῶν
745 2607 810 2667 τῶν
830 2602 862 2669 ἐξ
884 2592 1011 2681 Ἰσθμοῦ
1035 2605 1086 2666 καὶ
1110 2603 1231 2682 Νεμέας
1253 2603 1324 2667 inde
1343 2621 1458 2667 nomen

217 2709 310 2772 duxit
318 2707 357 2790 4).
399 2708 561 2792 gymnicos
597 2709 704 2770 tamen
736 2706 824 2770 ludos
852 2709 975 2786 semper
997 2705 1134 2786 primum
1158 2705 1330 2770 obtinuisse
1352 2707 1457 2770 locum

222 2862 426 2872 -..-..--

323 2952 342 3015 ¹)
362 2949 524 3000 Praeconnrn
544 2950 572 3000 et
589 2945 743 2998 tubicinum
763 2945 910 2998 certamina
929 2945 982 2996 iarn
996 2945 1234 3011 anteapotuerunt
1252 2943 1370 2996 institui.
1389 2960 1457 3012 quae

219 3049 297 3102 saepe
315 3035 397 3087 etiarn
417 3032 552 3100 gymnicis
571 3031 766 3085 certaminibus
785 3031 878 3083 addita
897 3047 953 3084 esse
970 3029 1094 3082 ludorum
1108 3028 1326 3097 Olympiaccrum
1346 3030 1454 3084 demon-

218 3124 322 3174 stratur
340 3119 466 3187 exemplo.

323 3210 342 3272 ²)
360 3205 502 3273 Pythoclea
521 3205 721 3258 Hermionensis
750 3205 798 3271 qui
825 3203 972 3270 „corpote
989 3219 1023 3256 τε
1041 3204 1088 3254 καί
1107 3203 1138 3256 ἐν
1157 3201 1293 3256 κυκλίοισι
1312 3209 1457 3273 χοροῖσινκ

221 3292 308 3344 multa
334 3292 453 3358 praemia
471 3291 620 3356 reportavit
648 3290 719 3355 (CIG
749 3295 825 3353 1212,
853 3289 948 3342 Kaibel
975 3289 1023 3356 Ep.
1051 3289 1096 3342 Gr.
1116 3291 1185 3357 926),
1214 3291 1291 3357 παρὰ
1310 3293 1458 3358 Πειρήνην

141 3389 143 3394 ’
219 3391 326 3445 quoque
344 3392 371 3428 se
391 3375 487 3428 vicisse
505 3375 637 3444 gloriatur
656 3382 691 3441 (v.
711 3377 745 3442 4).

324 3480 344 3549 ⁸)
365 3481 405 3536 Ol.
427 3485 476 3534 113
495 3497 518 3533 a.
538 3485 632 3550 quarto
651 3480 761 3551 (aestati
780 3481 843 3533 anni
862 3485 911 3532 205
930 3497 953 3532 a.
973 3480 1047 3548 Chr.)
1061 3480 1180 3548 Droysen
1200 3480 1302 3546 [Herm.
1321 3478 1459 3534 XXXIIIl

222 3574 262 3632 11,
291 3572 342 3635 23.)
371 3570 398 3621 et
429 3567 519 3637 Bergk
544 3566 639 3635 (Ρίτῶ4
666 3567 680 3622 Ι
710 3571 752 3633 16)
779 3567 827 3620 has
855 3583 896 3619 res
924 3570 1014 3634 gestas
1043 3567 1195 3634 adsignant.
1216 3567 1286 3620 nihil
1315 3566 1346 3619 de
1374 3582 1404 3618 ea
1431 3583 1458 3620 rc

216 3653 339 3707 decernit
357 3652 450 3722 Unger
468 3654 539 3707 Phil.
559 3653 696 3707 XXXIIII
715 3658 756 3706 52.
775 3652 809 3705 ad
828 3653 945 3721 priorem
963 3653 1061 3706 saeculi
1085 3655 1162 3706 tertii
1180 3657 1284 3721 partem
1303 3651 1459 3705 referendae

218 3743 284 3793 sunt
313 3739 451 3808 Pythoclis
480 3740 678 3793 Hermionensis
697 3740 835 3804 victoriae,
862 3740 884 3792 si
909 3740 979 3794 recte
998 3739 1095 3792 Kaihel
1114 3739 1161 3808 hp.
1181 3739 1228 3794 Gr.
1248 3743 1298 3790 926
1326 3738 1345 3790 l.
1366 3742 1381 3790 3
1400 3755 1461 3806 sup·

220 3829 305 3897 plerit
323 3829 354 3881 ἐν
375 3826 466 3894 Νεμέη
487 3843 519 3880 τε
538 3829 565 3879 ot
585 3841 645 3878 vera
672 3829 736 3878 suut
755 3843 792 3891 ee,
821 3842 886 3895 quae
911 3826 942 3879 de
962 3826 1129 3880 Soteriorum
1155 3825 1340 3894 catalogorum
1370 3826 1460 3878 aetate

221 3915 291 3967 infra
309 3911 461 3980 disputabo.

324 4018 343 4080 ⁴)
363 4016 439 4081 Quod
459 4015 603 4082 collegium
621 4015 727 4068 ultimis
745 4015 850 4069 duobus
869 4033 894 4069 a.
907 4015 969 4069 Chr.
989 4016 1100 4069 saeculis
1113 4031 1193 4084 quam
1207 4016 1322 4068 maxime
1337 4014 1459 4068 floruisse

223 4102 336 4166 videtur,
365 4118 425 4155 cum
453 4101 556 4155 sodales
583 4101 640 4154 eius
666 4102 732 4156 locis
761 4102 952 4156 diversissimis
980 4103 1057 4154 ludos
1085 4101 1258 4155 celebravisse
1289 4103 1457 4167 compertum

223 4189 377 4254 habeamus,
406 4189 491 4242 veluti
519 4189 599 4257 Argis
620 4193 654 4254 (a.
676 4195 723 4242 113
743 4208 766 4244 a.
786 4189 858 4254 Chr,
878 4189 913 4242 Le
932 4189 1112 4242 Bas-Foucert
1131 4188 1157 4240 ll
1177 4193 1225 4240 116
1251 4205 1279 4240 a:
1304 4191 1339 4242 τὸ
1363 4187 1460 4240 κοινὸν

219 4281 280 4329 τῶν
299 4293 327 4329 π.
346 4293 371 4328 τ.
400 4277 433 4328 Δ.
460 4281 600 4342 τεχνιτῶν
628 4281 688 4329 τῶν
708 4278 735 4332 ἐξ
762 4271 791 4330 Ἰ.
810 4277 907 4329 rolli.
926 4281 978 4341 τῆς
1006 4277 1036 4329 έν
1060 4277 1159 4343 Ἀργει
1186 4275 1331 4342 συνόδου),
1360 4272 1461 4328 Thebis

218 4363 301 4428 (Bull.
320 4363 434 4415 ἀοοοικ.
453 4361 730 4417 bertuhesare
750 4364 1008 4417 saluberrirnus.
1026 4362 1060 4415 Δ.
1080 4365 1219 4428 τεχνιτῶν
1238 4366 1299 4416 τῶν
1319 4362 1347 4416 ἐξ
1364 4355 1391 4415 Ἰ.
1411 4361 1457 4413 καὶ

221 4450 243 4502 Ν
524 4449 675 4518 δὲι)ὲ)νθ
680 4453 759 4515 β),αις
779 4448 886 4516 Opunte
905 4447 1024 4516 (Ερλιουι
1043 4447 1116 4500 arch
1135 4463 1184 4500 ser
1202 4446 1230 4500 11
1250 4447 1338 4516 [1874]
1359 4463 1385 4499 n.
1396 4449 1461 4499 443·

513 4532 684 4601 τεχνίταις
704 4535 731 4589 ἐξ
748 4528 776 4588 l.
791 4534 887 4587 καίΝ.
907 4537 1096 4588 συντελοῦσιν
1117 4534 1197 4586 δὲέν
1216 4531 1372 4597 Οποθντι).
1393 4531 1462 4585 eius-

517 4637 533 4672 ιε
561 4619 608 4673 Tei
635 4635 739 4688 quoque
768 4619 867 4674 uersati
895 4622 958 4677 sunt
986 4619 1110 4673 Cratonis
1139 4618 1260 4676 tibicinis
1289 4617 1455 4688 temporibus
