3280 5100
608 221 769 295 ρι”ι
852 199 858 251 ³

473 273 490 367 ‘r'
555 265 567 316 ᾖ
609 274 760 354 ινίιιιιζτν*
809 259 875 382 για-ξ
920 280 997 343 'wisa'
1042 261 1384 382 3'?!''u⁰·'}'¹pwll1!⁴¹l¹
1408 309 1485 402 73ι
1524 303 1601 344 *⁴²¹

653 365 660 374 .
1279 360 1313 391 ,γ
1634 365 1635 388 ι

969 392 1106 534 ’,’,,’,Η,,ι

211 518 307 582 σιτίου
336 515 398 582 nisi
426 517 458 582 in
483 519 615 584 summis
640 519 830 586 Graecorum
858 521 1062 587 sollemnibus
1086 523 1191 588 variae
1214 525 1447 590 commissiones
1490 511 1496 567 l

213 621 352 685 musicae
387 621 570 686 coniunctae
604 642 665 688 non
700 623 845 689 fuissent.
886 625 1005 688 etenim
1027 625 1244 690 invitabantur
1272 627 1447 694 eiusmodi

215 724 350 806 collegia
384 724 423 788 ad
450 726 607 790 certarnen
638 726 762 808 aliquod
791 728 948 808 agendum
975 732 1006 791 et
1033 727 1243 793 mittebantur
1271 729 1381 795 deinde
1407 731 1446 795 ab
1498 719 1501 725 ’

214 828 259 891 eis
284 827 402 908 singuli
426 827 558 906 sodales,
580 831 722 912 tragoedi
742 831 880 894 comoedi
903 836 1071 911 praecones
1094 830 1249 895 tubicines
1267 832 1448 898 citharistae

211 931 385 995 citharoedi
396 929 420 1012 1)
456 932 511 996 alii
542 933 656 1010 multi,
693 952 824 1016 quornm
856 934 998 997 nonnulli
1028 939 1136 1014 poetae
1172 953 1292 1016 quoque
1322 937 1448 999 nornine

212 1033 442 1116 gloriabantur.
482 1037 514 1098 et
542 1053 614 1124 cum
641 1038 704 1100 iarn
727 1036 830 1100 medio
853 1039 977 1102 saeculo
1002 1040 1111 1119 quarto
1134 1023 1305 1101 histriones
1334 1058 1448 1121 magna

212 1138 400 1200 auctoritate
429 1137 571 1201 floruisse
600 1138 761 1202 videamus
784 1142 963 1220 ceterosque
986 1139 1186 1221 Dionysiacos
1222 1141 1276 1222 qui
1301 1141 1448 1206 dicuntur

212 1239 348 1303 artifices
384 1239 486 1321 aliquo
517 1241 609 1304 modo
643 1243 726 1304 inter
757 1261 789 1306 se
822 1242 1012 1307 consociatos
1042 1243 1139 1306 inisse
1168 1243 1233 1306 reri
1262 1244 1365 1308 simile
1395 1245 1446 1320 sit,

214 1360 339 1406 summa
373 1342 569 1407 incrementa
603 1344 759 1409 artificum
790 1345 922 1427 collegia
952 1348 1021 1410 inde
1051 1349 1090 1410 ab
1117 1346 1288 1412 Alexandri
1320 1349 1446 1412 demum

213 1448 317 1510 aetate
341 1447 456 1528 cepisse
480 1448 636 1528 ridentur.
660 1452 754 1530 atque
773 1449 950 1514 Alexander
970 1450 1037 1532 ipse
1059 1467 1153 1531 quam
1170 1451 1304 1514 maxime
1321 1451 1449 1514 favebat

211 1549 484 1620 commissionibus
499 1547 681 1633 musicis⁹);
706 1539 755 1616 οῖ’
763 1552 849 1616 Plut.
864 1553 952 1616 Alex.
966 1553 1002 1616 4:
1025 1553 1171 1632 φαίνεται
1188 1555 1225 1618 δὲ
1241 1555 1291 1618 καὶ
1307 1555 1449 1618 καθόλου

213 1655 298 1733 πρὸς
316 1655 360 1718 τὸ
377 1658 442 1718 τῶν
458 1654 606 1732 ἀθλητῶν
629 1657 723 1732 γένος
748 1653 925 1733 ἀλλοτρίως
949 1656 1035 1733 ἔχων
1058 1657 1230 1720 πλείστους
1253 1659 1288 1732 γέ
1311 1679 1358 1721 τοι
1383 1660 1448 1722 θεὶς

213 1755 343 1831 ἀγῶνας
371 1757 410 1820 οὐ
441 1749 543 1836 μόνον
565 1761 742 1841 τραγῳδῶν
764 1759 815 1821 καὶ
833 1757 979 1834 αὐλητῶν
1009 1759 1060 1822 καὶ
1087 1762 1276 1842 κιθαρῳδῶν
1299 1758 1450 1824 ἀλλὰκαὶ

215 1860 396 1943 ῥαψῳδῶν.
411 1910 435 1937 .,
463 1862 590 1943 eiusque
607 1861 639 1923 in
663 1859 775 1941 primis
798 1861 938 1940 exemplo
966 1877 1033 1923 mos
1057 1861 1207 1939 invaluit,
1241 1865 1275 1923 nt
1299 1863 1448 1926 victoriae
1487 1928 1490 1952 1

214 1968 392 2042 reportatae
416 1964 533 2046 aliique
556 1963 661 2026 felices
686 1966 816 2027 eventus
839 1961 1063 2026 certaminibus
1086 1964 1242 2044 gymnicis
1258 1965 1447 2046 musicisque
1489 1957 1491 1969 ’

214 2051 455 2130 celebrarentur.
493 2067 541 2130 ita
563 2070 633 2147 post
656 2065 778 2130 Thebas
803 2068 927 2146 captas,
957 2065 1124 2146 antequam
1154 2065 1185 2128 in
1211 2065 1322 2129 Asiam
1345 2070 1449 2130 trans·

214 2170 411 2252 grederetur‚
444 2172 497 2234 Dii
520 2189 633 2254 agonas
656 2172 689 2234 in
713 2173 795 2235 Iovis
816 2170 1042 2250 Musarumque
1072 2170 1220 2234 honorem
1243 2188 1355 2253 magno
1378 2191 1450 2236 cum

215 2275 378 2355 splendore
403 2275 637 2359 instaurarit³).
665 2275 869 2340 celeberrima
891 2275 1004 2340 deinde
1024 2274 1151 2338 fuerunt
1174 2278 1358 2356 certamina,
1373 2293 1450 2357 quae

216 2396 252 2440 ex
268 2379 412 2461 Aegypto
447 2397 589 2443 reversus
613 2380 687 2462 Tyri
719 2379 875 2449 instituit:
914 2377 955 2442 cf.
979 2377 1063 2441 Plut.
1088 2376 1177 2442 Alex.
1207 2377 1266 2452 29,
1300 2381 1337 2442 de
1362 2379 1448 2442 Alex.

217 2481 288 2545 fort.
319 2482 350 2546 H
385 2481 451 2564 2⁴).
488 2481 664 2547 accuratius
699 2483 858 2563 praeterea
892 2480 992 2545 edocti
1025 2499 1132 2544 sumus
1164 2481 1201 2543 de
1232 2481 1448 2562 sollemnibus,

214 2585 327 2665 quibus
350 2587 474 2668 nuptias
498 2583 585 2649 Susis
611 2583 795 2648 celebravit.
831 2585 939 2646 narrat
960 2581 1045 2645 enim
1068 2581 1183 2645 chares
1212 2583 1246 2646 έν
1270 2587 1307 2664 τῇ
1332 2585 1448 2666 δεκάτῃ

214 2691 280 2752 τῶν
314 2690 386 2766 περὶ
421 2677 633 2766 Ἀλέξανδρον
672 2688 826 2765 ἱστοριῶν
868 2685 958 2768 (Ath.
996 2685 1059 2747 XII
1100 2683 1162 2747 538
1191 2686 1243 2763 e):
1291 2691 1451 2764 θαυματο-

213 2791 302 2854 ποιοὶ
332 2789 477 2868 δεῆσαν
506 2791 755 2868 διαπρέποντες,
788 2789 933 2865 Σκύμνος
956 2789 1154 2864 Ταραντῖνος
1186 2788 1236 2849 καὶ
1267 2789 1451 2864 Φιλιστίδης

133 2887 137 2892 ’
212 2892 420 2970 Συρακόσιος
452 2891 655 2971 Ἡράκλειτός
686 2913 720 2956 τε
751 2891 770 2954 ὁ
805 2891 1039 2974 Μυτιληναῖος,
1078 2888 1144 2967 μεθ’
1177 2891 1236 2954 οὓς
1268 2890 1449 2956 ἐπεδείξατο

217 3061 418 3068 ----——---—-—-

146 3223 149 3228 Ι
317 3158 337 3221 ¹)
355 3155 388 3208 οῖ.
402 3154 446 3208 tit.
460 3154 496 3208 Le
513 3153 770 3222 Bas-Waddington
790 3155 835 3208 As.
845 3153 909 3206 min.
921 3157 969 3204 281
990 3153 1102 3221 (Liiders
1120 3152 1139 3206 l.
1159 3169 1180 3207 c.
1199 3169 1224 3221 p.
1238 3157 1283 3206 181
1305 3169 1330 3204 n.
1351 3153 1451 3230 91).·in

213 3240 297 3294 titulo
315 3258 401 3310 nuper
419 3242 586 3296 Ptolomaide
605 3243 633 3295 in
653 3242 779 3310 Aegypto
799 3244 911 3308 reperto,
930 3241 977 3308 qni
995 3239 1144 3293 Ptolemaei
1162 3239 1339 3308 Philadelphi
1362 3241 1450 3294 aetate

213 3330 337 3381 exaratus
356 3331 397 3381 est
415 3327 498 3397 (Bull.
517 3329 549 3382 de
568 3344 634 3386 corr.
653 3327 716 3380 heli.
738 3331 803 3380 1885
824 3343 850 3394 p.
871 3331 919 3379 132
944 3326 1003 3394 τη),
1032 3325 1136 3379 sodales
1164 3324 1269 3394 collegii
1298 3325 1453 3393 Dionysiaci

213 3417 404 3468 enumerantur
427 3418 530 3483 praeter
557 3418 649 3482 poetas
677 3417 704 3467 et
725 3399 889 3466 histriones:
917 3414 1083 3481 κιθαρῳδός,
1102 3412 1274 3480 κιθαριστής,
1293 3411 1449 3479 ὀρχηστής,

213 3501 460 3568 χοροδιδάσκαλος,
480 3501 607 3568 αὐλητὴς
625 3502 765 3569 τραγικός,
785 3499 948 3566 σαλπικτής.

318 3609 339 3668 ²)
361 3605 484 3660 Welcher
503 3607 521 3660 l.
541 3623 562 3660 c.
582 3623 607 3674 p.
628 3612 695 3659 1239
714 3622 761 3674 sq.‚
780 3605 883 3658 Liiders
902 3607 920 3657 l.
939 3621 961 3656 c.
980 3621 1004 3672 p.
1026 3609 1074 3656 105
1094 3619 1132 3670 sq.

318 3711 338 3776 ί)
359 3710 466 3766 Diodor.
484 3709 565 3765 XVII
585 3715 630 3764 16:
650 3710 751 3772 θυσίας
770 3712 995 3774 μεγαλοπρεπεῖς
1013 3711 1076 3768 τοῖς
1100 3709 1177 3770 θεοῖς
1204 3705 1391 3759 συνετέλεσεν
1423 3706 1454 3758 έν

214 3797 277 3864 Δίῳ
295 3801 347 3860 τῆς
365 3796 545 3859 Μακεδονίας
564 3799 610 3849 καὶ
629 3796 779 3866 σκηνικοὺς
798 3795 913 3859 ἀγῶνας
932 3794 978 3846 Διί
997 3795 1043 3845 καλ
1069 3793 1206 3855 Μούσαις,
1230 3791 1279 3853 οὓς
1303 3791 1453 3858 Ἀρχέλαος

215 3887 329 3952 πρῶτος
347 3883 519 3936 κατέδειξεν·
538 3884 594 3946 τὴν
614 3882 644 3933 δὲ
663 3880 824 3947 πανήγυριν
843 3881 889 3945 ἐφ’
909 3880 1017 3947 ἡμέρας
1035 3879 1119 3932 ἐννέα
1138 3878 1332 3938 συνετέλεσεν,
1346 3875 1452 3942 ἑκάστῃ

213 3975 275 4022 τῶν
286 3970 414 4023 Μουσῶν
427 3968 579 4030 ἐπώνυμον
593 3966 703 4032 ἡμέραν
719 3964 875 4029 ἀναδείξας,
886 3964 945 4017 Arr.
958 3969 1009 4016 An.
1020 3963 1034 4017 Ι
1045 3969 1083 4028 11,
1093 3968 1121 4014 1:
1138 3967 1181 4028 τῳ
1197 3962 1242 4013 ΔιΙ
1255 3965 1297 4027 τῷ
1308 3959 1452 4029 Ὀλυμπίῳ

215 4058 270 4121 τὴν
298 4053 400 4108 θυσίαν
423 4093 428 4104 .
449 4091 480 4104 ..
510 4053 594 4105 ἔθυσε
621 4054 667 4104 καί
694 4053 746 4104 τὸν
775 4051 877 4116 ἀγῶνα
906 4051 938 4104 ἐν
972 4047 1072 4128 Αἰγαῖς
1099 4048 1210 4113 διέθηκε
1239 4047 1275 4100 τὰ
1304 4037 1453 4112 Ὀλύμπια.

217 4140 384 4192 Welckerunn
413 4141 449 4207 (p.
470 4141 536 4191 1217
565 4138 625 4192 adn.
646 4139 700 4206 87),
728 4153 807 4206 quem
835 4137 938 4190 Liiders
964 4139 1073 4190 secutos
1100 4137 1141 4187 est
1170 4138 1275 4202 (p.105
1304 4135 1366 4190 adn.
1387 4137 1455 4201 212),

216 4227 316 4281 iniuria
334 4227 443 4280 Arriani
461 4226 644 4279 narrationem
672 4224 783 4278 Diodori
811 4223 900 4276 verbis
925 4222 1082 4285 praetulisse
1109 4219 1307 4272 demonstravit
1326 4219 1455 4272 Wieseler

215 4331 240 4381 p.
262 4318 309 4365 196
336 4312 397 4367 adn.
418 4317 458 4368 73.
488 4329 571 4381 neque
598 4327 659 4365 vero
686 4311 769 4364 verba
797 4312 827 4363 ἐν
858 4309 955 4376 Αἰγαῖς
983 4307 1113 4361 τηαλασσα
1132 4309 1196 4359 sunt
1222 4306 1251 4358 in
1270 4307 1301 4360 ἐν
1320 4305 1382 4374 Δίῳ
1403 4309 1456 4371 τῆς

216 4401 341 4471 Πιερίας,
361 4399 408 4452 sed
426 4401 536 4452 Arriani
555 4415 628 4452 error
646 4397 813 4451 statuendus.

320 4508 340 4570 ⁴)
361 4505 473 4570 ἀγῶνες
500 4509 596 4571 χορῶν
624 4502 657 4554 ab
685 4501 835 4554 Alexandro
863 4498 988 4552 instituti
1016 4499 1154 4566 practerea
1177 4497 1456 4548 commemorantura

217 4593 363 4645 Plutarcho
382 4591 455 4644 Alex.
476 4595 517 4643 67ι
