3240 5112
477 415 662 501 Ἱερώνυμος
686 420 831 498 Λάχητος
855 417 1027 495 Ἑκαλῆθεν

478 529 625 603 χορηγῶν
648 524 735 588 ἐνίκα
757 521 910 587 Λεωντίδι
932 520 1052 598 Αἰγηίδι

479 628 613 702 παίδων,
638 624 758 704 Εὐκλῆς
782 625 931 689 ἐδίδασκε
943 623 974 700 1),

584 813 780 892 Τιμοκράτη(
802 811 908 891 ἦρχεν.

375 931 567 1021 Ομρμύίπῡ.
581 935 634 1000 ,A
844 933 884 996 ol.
904 930 975 1009 104,
995 934 1011 995 1
1029 929 1142 1015 (364ίὸ
1159 950 1186 996 a.
1202 928 1301 1013 che).

273 1099 380 1166 VIIII.
412 1100 461 1166 ed.
491 1098 689 1164 Kumanudis
712 1098 881 1176 Ἀθηναίου
910 1096 927 1160 Ι
963 1096 1024 1160 169
1058 1115 1088 1161 ιι.
1114 1097 1147 1171 1,
1180 1093 1408 1178 DIttenber·ger

164 1201 378 1286 8χ11.4132).

274 1323 453 1403 Φιλόμηλος
476 1320 678 1403 Φιλιππίδοῧ)
890 1320 1069 1400 Φιλόμηλος
1091 1315 1263 1384 Φιλιππίδο

272 1427 444 1492 Παιανιεὺς
467 1430 616 1506 χορηγῶν
888 1424 1060 1489 Παιανιεὺς
1083 1429 1232 1502 χορηγῶν

269 1527 358 1592 ἐνίκα
379 1527 567 1594 Πανδιονίδι
889 1527 977 1592 ἐνίκα
998 1527 1186 1592 Πανδιονίδι

271 1625 471 1710 Ἀκαμαντίδι
494 1631 628 1708 παίδων,
888 1625 1088 1710 Ἀκαμαντίδι
1111 1631 1248 1708 παίδων,

231 1733 252 1797 5
274 1734 458 1802 Ἀλέξιππος
480 1735 576 1813 ηὔλει,
892 1734 1013 1812 Εὐκλῆς
1037 1735 1196 1811 ἐδίδασκε,

227 1837 248 1901 6
272 1838 393 1918 Εὐκλῆς
417 1839 576 1904 ἐδίδασκε.
891 1835 1074 1902 Ἀλέξιππος
1096 1836 1193 1913 ηὔλει.

455 1938 683 2026 offlam.
895 1937 1070 2024 Uo÷yb⁹rD
1079 1937 1122 2004 E.

271 2095 309 2162 X.
332 2099 380 2161 ed.
403 2097 442 2162 K.
464 2096 538 2161 Keil
567 2094 730 2178 Melanges
754 2091 1021 2158 tireno-Romame
1043 2091 1207 2176 Petersbg.
1236 2091 1267 2156 11
1291 2090 1405 2176 (1859)

169 2217 202 2280 p.
225 2197 284 2279 813
316 2197 397 2261 Ross
426 2191 572 2262 Ar'ehdol.
607 2196 700 2262 Aufr.
724 2196 756 2260 11
783 2195 901 2260 47911.
927 2195 955 2260 7.
980 2196 1059 2279 lapis
1085 2196 1228 2280 Hypatae
1262 2198 1408 2278 repertus

175 2301 249 2383 quin
271 2299 405 2366 Athenis
430 2300 579 2366 oriundus
602 2299 646 2364 sit
668 2299 803 2365 dubitari
826 2299 944 2383 nequit.

169 2452 374 2460 .-—--..-..-—-.

235 2597 241 2608 ,
269 2539 290 2608 ¹)
315 2539 384 2594 Cum
413 2540 484 2593 inter
512 2554 604 2592 versus
629 2543 645 2590 3
676 2541 703 2592 et
731 2543 748 2591 4
777 2537 874 2592 lacuna
898 2540 987 2604 extet,
1018 2554 1072 2607 qua
1100 2540 1181 2594 ceteri
1213 2535 1290 2594 tituli
1318 2541 1404 2609 persi-

165 2626 244 2680 miles
270 2629 371 2690 careut‚
399 2623 568 2678 Kumanudis
594 2625 612 2677 l.
638 2641 659 2678 c.
685 2641 711 2692 p.
739 2628 786 2676 172
811 2626 883 2678 recte
907 2625 1021 2678 coniecit
1039 2640 1091 2690 eos,
1117 2627 1163 2694 qui
1189 2625 1302 2678 titulum
1321 2625 1407 2693 lapidi

166 2714 371 2782 insculpendum
400 2714 573 2778 curaverunt,
601 2711 651 2764 hoc
678 2712 735 2765 loco
762 2709 886 2764 tibieInis
909 2726 1003 2764 nornen
1027 2712 1173 2764 inserturos
1194 2711 1286 2777 fuisse,
1313 2714 1406 2779 postea

165 2802 257 2854 autom
275 2799 374 2853 oblitos
392 2815 456 2852 esse.
483 2799 524 2850 ita
541 2799 571 2851 in
595 2798 678 2852 titulo
697 2797 788 2852 VIIII.
808 2797 886 2850 verba
907 2798 1013 2862 Εὐκλῆς
1036 2796 1167 2851 ἐδίδασκε
1188 2796 1277 2850 eadem
1296 2797 1406 2866 quidem

169 2887 267 2948 aetate,
286 2885 332 2938 sed
351 2885 405 2938 alia
423 2900 504 2937 mauu
523 2883 617 2937 addita
635 2899 691 2937 esse
709 2883 782 2937 idem
799 2883 906 2936 monuit
924 2899 950 2952 p.
971 2887 1029 2938 170.

269 2995 290 3062 ²)
321 2994 360 3048 Ut
389 2995 467 3048 tituli
500 2994 563 3048 Vll.
594 2997 622 3047 et
652 2993 731 3050 VIII.
761 2995 861 3048 aversis
892 2994 1014 3063 lapidum
1042 2993 1166 3062 partibus
1192 2993 1301 3061 repetiti
1333 2997 1405 3059 suut,

169 3081 267 3134 titulus
276 3079 365 3134 VIIII.
376 3097 479 3149 quoque
492 3081 521 3133 iu
534 3096 628 3133 aversa
646 3080 743 3148 lapidis
756 3081 831 3148 parte
850 3080 950 3132 iterum
968 3080 1084 3148 scriptus
1098 3083 1139 3133 est
1156 3083 1262 3134 mutato
1280 3095 1406 3136 versuum

175 3173 200 3228 d.
218 3168 246 3218 ot
264 3172 288 3221 6.
306 3166 413 3220 ordine.
441 3167 640 3220 animadvertas
667 3167 748 3218 velim
770 3181 801 3218 ea
823 3168 922 3230 aetate,
950 3181 1004 3233 qua
1021 3168 1145 3220 exaratus
1169 3169 1210 3219 est
1234 3165 1278 3219 hic
1301 3166 1407 3233 titulus,

163 3243 293 3307 tibicines
316 3255 379 3305 ante
403 3251 550 3320 magistros
578 3249 658 3304 scribi
677 3253 782 3318 coeptos
809 3265 873 3305 esse.
900 3253 1010 3318 propter
1038 3251 1129 3304 Euclis
1157 3251 1283 3320 magistri
1311 3270 1407 3310 nomen

163 3342 192 3392 et
217 3341 327 3409 propter
351 3339 471 3392 litteram
495 3337 517 3391 Ο
542 3353 590 3404 pro
608 3336 656 3390 ΟΥ
675 3335 793 3403 positam
818 3335 870 3406 (vs.
896 3338 924 3398 λλ
944 3352 997 3390 uon
1016 3337 1110 3390 multis
1134 3338 1212 3392 aunis
1231 3355 1291 3392 eum
1316 3357 1407 3395 reeen-

165 3426 260 3480 tiorem
279 3441 335 3478 esse
354 3423 445 3478 titulis
464 3422 526 3477 VII.
545 3424 573 3475 et
592 3420 669 3475 VIII.
696 3424 777 3489 patet.
798 3437 859 3473 cum
878 3423 984 3474 eaedem
1003 3422 1101 3492 tribus,
1128 3440 1195 3492 quae
1221 3423 1250 3478 in
1273 3426 1318 3480 tit.
1345 3427 1405 3482 Vll.

165 3510 348 3574 nomInantur,
367 3509 410 3563 hic
429 3510 538 3562 inverso
556 3507 649 3561 ordine
668 3505 784 3574 scriptae
802 3507 869 3573 sint,
888 3507 1057 3562 Kumanudis
1075 3512 1220 3579 utrumque
1238 3512 1353 3566 titulun]
1371 3511 1406 3566 ad

164 3595 275 3648 eandam
299 3596 441 3648 victoriam
466 3593 633 3648 referendum
652 3607 709 3646 esse
728 3593 880 3662 suspicatus
898 3595 948 3659 est,
968 3593 1008 3646 ita
1026 3598 1059 3647 ut
1077 3597 1191 3649 duarum
1210 3597 1333 3652 tribuum
1344 3614 1406 3653 con·

165 3683 320 3735 iunctarum
344 3680 410 3734 duos
427 3696 531 3748 quoque
555 3680 685 3750 choragos
704 3680 734 3732 in
752 3682 886 3734 certamen
904 3679 1072 3734 descendisse
1092 3684 1210 3749 putaret.
1240 3698 1322 3751 quarn
1347 3699 1405 3738 son·

166 3769 279 3823 tentiam
298 3768 401 3836 optimo
428 3768 486 3820 iure
513 3768 660 3820 reiecerunt
678 3767 809 3820 Thumser
826 3766 845 3820 Ι.
864 3781 884 3820 c.
903 3783 929 3835 p.
948 3770 981 3820 87
1000 3766 1060 3822 adn.
1080 3773 1097 3819 4
1115 3770 1142 3821 et
1160 3768 1354 3839 Dittenberger
1372 3770 1407 3825 ad

166 3854 232 3923 Syll.
251 3859 301 3907 413
321 3852 381 3907 adu.
401 3854 426 3906 2.
438 3853 471 3906 ad
485 3867 598 3921 quorum
616 3856 779 3920 argumenta
802 3854 994 3920 gravissimum
1018 3853 1120 3908 aceedit
1138 3854 1195 3921 hoe,
1214 3856 1287 3924 quod
1305 3873 1359 3912 nou
1377 3857 1406 3910 iu

166 3957 220 3994 uno
237 3939 327 4008 lapide
345 3939 500 4008 Alexippus,
519 3939 548 3992 in
566 3939 651 3992 altero
664 3938 838 3992 Eudamiscus
856 3939 960 3993 tibicen
978 3940 1071 3995 vicisse
1090 3941 1143 3994 dici
1161 3943 1252 4009 potuit
1270 3944 1299 3997 iu
1312 3943 1403 3997 eodem

162 4025 321 4089 certamine,
348 4041 408 4078 oum
437 4027 494 4078 sine
512 4024 594 4078 dubio
613 4040 682 4078 unus
701 4026 772 4078 solus
791 4024 882 4079 modos
909 4024 1024 4080 musicos
1043 4027 1235 4096 composuisset
1260 4031 1309 4082 aut
1327 4029 1404 4082 tibiis

163 4111 297 4164 cantasset
317 4109 360 4178 (cf.
381 4110 506 4165 Wieseler
533 4111 684 4182 Satyrspiel
702 4128 728 4180 p.
746 4113 805 4181 45);
823 4110 895 4165 nihil
920 4113 991 4165 enlm
1009 4112 1042 4166 ad
1060 4129 1115 4167 rem
1134 4112 1225 4180 faciat,
1244 4114 1269 4167 si
1288 4130 1348 4169 eum
1367 4113 1401 4167 ab

161 4197 225 4251 aliis
244 4197 367 4252 adiutum
385 4214 441 4252 esse
460 4199 643 4254 concedamus.

265 4307 286 4377 ³)
305 4308 344 4362 De
369 4309 518 4364 Philomelo
541 4312 650 4380 eiusque
674 4314 750 4380 patre
773 4310 831 4379 egit
856 4308 973 4364 Koehler
1000 4309 1092 4365 Herm.
1122 4311 1147 4364 V
1175 4317 1234 4367 347.
1261 4311 1290 4365 in
1318 4312 1401 4366 titulo

159 4395 223 4450 CIA
241 4395 271 4450 II
290 4401 341 4452 563
362 4395 562 4470 (Dittcnbergor
586 4399 652 4468 Syll.
677 4402 738 4466 420)
762 4399 834 4452 inter
862 4394 1040 4451 Pandionidis
1067 4397 1156 4468 tribus
1180 4398 1309 4454 victorias
1335 4399 1401 4454 haec

161 4480 306 4540 Philomeli
324 4482 440 4539 victoria
458 4501 510 4540 uon
528 4489 687 4543 recensetur.
