3240 5112
395 589 475 670 ἀμφὶ
499 588 686 672 διδασκαλίῃ
710 587 746 652 δέ
761 586 920 670 Σιμωνίδῃ
944 585 1061 652 ἕσπετο
1085 592 1184 656 κῦδος

370 745 371 748 ι
430 691 682 769 ὀγδωκονταέτει
704 691 792 755 παιδὶ
815 689 1040 768 Λεωπρέπεος.

99 864 149 936 s
188 818 282 899 atque
303 813 408 880 eodem
433 817 574 896 tempore
589 811 741 886 Pindarus
765 829 884 894 quoque
906 809 1040 876 Athenis
1063 813 1186 894 saepius
1209 819 1352 880 versatus
1369 821 1433 880 est.

83 974 98 996 ,,
188 922 272 986 certo
294 917 452 1001 Dionysio
474 916 598 1000 maguis
621 909 764 981 cantatus
786 916 835 980 est
858 913 1077 998 dithyramhns
1098 913 1163 990 ille,
1187 916 1275 982 euius
1297 917 1433 985 initium

82 1047 83 1052 ¹
188 1023 433 1108 pulcherrimum
465 1018 555 1084 nobis
592 1019 729 1084 servavit
763 1017 891 1100 Dionys.
925 1017 999 1082 Hal.
1030 1017 1067 1084 de
1095 1035 1195 1101 comp.
1225 1021 1308 1086 verb.
1334 1038 1359 1088 ο.
1382 1021 1430 1086 22

188 1125 325 1208 (Pindar.
342 1124 382 1188 fr.
399 1121 440 1187 75
456 1123 507 1200 Β.)
520 1120 543 1205 ¹)
568 1123 599 1187 ot
623 1121 815 1188 Simonidem
838 1120 995 1204 quondam
1017 1139 1036 1185 a
1058 1119 1195 1188 Pindaro
1219 1123 1339 1190 victum
1360 1143 1433 1190 csse

189 1229 297 1316 narrat
329 1227 497 1294 scholiasta
519 1224 611 1290 Pind.
635 1225 684 1292 Ol.
709 1225 802 1290 Vllll
826 1225 883 1302 743
918 1225 959 1292 oi.
982 1225 1095 1309 Bergk.
1119 1226 1159 1291 ad
1182 1226 1298 1293 Simon.
1322 1229 1360 1294 fr.
1386 1229 1431 1294 75

189 1331 240 1415 (P.
263 1329 298 1396 L.
323 1329 376 1396 G.⁴
398 1331 447 1396 ΙΙΙ
480 1329 570 1412 420),
606 1328 684 1396 adde
718 1329 800 1411 quod
830 1327 1042 1418 Affn,tigenis⁹),
1064 1329 1225 1396 cmusdam
1261 1329 1429 1396 uictoriam

110 1458 123 1472 τ
189 1433 327 1500 testatur
350 1433 543 1517 epigramma
572 1433 666 1511 illud,
701 1431 819 1498 iniuria
847 1420 931 1498 inter
953 1433 1124 1498 Simonidis
1153 1434 1204 1500 vel
1226 1433 1430 1518 Bacchylidis

79 1585 102 1626 ‚,
189 1537 336 1623 reliquias
359 1541 520 1618 receptum
545 1535 622 1614 (148
645 1537 680 1601 B.
704 1535 741 1600 P.
766 1535 801 1600 L.
824 1533 880 1604 G.⁴
902 1536 953 1600 III
984 1555 1013 1618 p.
1037 1535 1127 1620 497),
1164 1537 1201 1600 de
1236 1556 1296 1620 quo
1329 1555 1431 1620 nuper

78 1626 83 1636 ’
151 1623 399 1707 ίΠίΙωηοιιίίτ
435 1638 525 1704 docte
566 1643 596 1704 ct
636 1639 789 1722 sagaciter·
834 1638 977 1722 exposuit
1018 1639 1126 1706 Herm.
1164 1639 1224 1706 XX
1263 1641 1304 1705 62
1342 1659 1430 1725 sqq.;

61 1699 122 1770 s
164 1735 166 1756 ¹
191 1743 372 1808 Acamantis
395 1745 470 1808 tune
493 1743 594 1808 trihus
617 1745 754 1808 uirorum
777 1742 879 1825 choro,
903 1762 996 1825 quom
1018 1744 1208 1811 instruxerat
1230 1743 1429 1828 Hipponieus

191 1845 370 1911 Struthonis
393 1845 478 1912 filius
502 1847 666 1928 choragus,
689 1848 810 1912 vicerat
832 1847 989 1930 Dionysiis
1012 1845 1179 1933 magnis³).

297 2065 315 2128 ¹)
334 2058 574 2130 Elegantissimum
592 2073 697 2110 carmen
716 2057 745 2112 iu
758 2057 902 2112 chororum
914 2059 1060 2113 certamine
1072 2060 1179 2127 poetam
1191 2059 1312 2114 docuisse
1330 2059 1427 2114 certius

190 2149 329 2202 adfirmare
338 2160 482 2214 possemne,
495 2143 518 2195 si
531 2158 608 2196 verae
627 2146 714 2197 essent
732 2144 899 2198 coniecturae
912 2160 927 2197 a
939 2143 1055 2213 Berglrio
1072 2145 1225 2220 propositae
1242 2144 1277 2198 ad
1289 2161 1331 2200 ru.
1345 2149 1359 2198 7
1371 2161 1427 2216 sq.:

451 2252 571 2318 ἀμοιβὰν
590 2249 696 2327 Διόθεν
715 2249 747 2302 τέ
767 2265 800 2314 με
819 2249 873 2302 σὺν
892 2248 997 2314 ἀγλαία

447 2338 525 2391 ἴδετε
542 2333 713 2404 πορευθέντ’
731 2334 760 2397 ἐς
779 2333 900 2399 ἅμιλλαν
919 2334 1067 2402 δεύτερον.

292 2445 315 2510 ²)
334 2442 411 2510 Apud
439 2440 584 2508 Diogenem
612 2439 747 2493 laertium
775 2439 805 2492 II
829 2445 853 2503 5,
872 2443 905 2492 26
924 2442 979 2504 (dd)
1003 2438 1068 2492 haee
1093 2439 1223 2507 legimus:
1249 2441 1347 2509 τούτῳ
1375 2457 1426 2506 τις,

191 2531 265 2584 καθά
284 2542 374 2596 φησιν
392 2527 591 2596 Ἀριστοτέλης
618 2526 650 2579 έν
674 2524 764 2594 τρίτῳ
793 2527 856 2595 περὶ
884 2529 1039 2591 ποιητικῆς,
1067 2525 1237 2592 ἐφιλονείκει
1261 2520 1426 2596 Ἀντίλοχος

195 2652 306 2670 .......
323 2617 370 2688 καί
389 2613 527 2681 Πινδάρῳ
546 2611 721 2679 Ἀμφιμένης
739 2613 754 2666 ὁ
774 2611 861 2680 Κῷος.
886 2627 940 2680 quo
957 2611 1064 2666 nomine
1083 2611 1194 2666 eundem
1213 2612 1302 2665 virum
1321 2612 1426 2681 signifi·

191 2703 246 2758 cari
264 2701 437 2756 coniecerunt
454 2698 558 2752 Heoker
578 2696 764 2750 Schneidewin
782 2697 879 2766 Bergk.
910 2696 956 2751 sed
979 2699 1008 2752 in
1032 2698 1227 2768 epigrammate
1250 2715 1344 2754 nomen
1372 2716 1424 2754 non

191 2791 253 2844 licat
271 2789 423 2842 immutare.

294 2892 314 2958 ³)
332 2889 427 2944 Eidem
445 2888 529 2942 aetati
548 2887 745 2957 adsignandum
764 2887 872 2940 videtur
890 2887 1077 2956 epigramma,¹
1096 2886 1167 2957 quod
1185 2889 1234 2943 suh
1253 2889 1425 2948 Anacreontis

191 2980 296 3033 nomine
314 2976 504 3030 circumfertur
524 2976 585 3040 (106
604 2975 646 3041 Β.)

396 3080 483 3134 Παιδί
502 3079 709 3146 φιλοστεφάνιρ
728 3077 852 3143 Σεμέλας
870 3077 993 3145 ἀνέθηκε
1014 3079 1163 3142 Μέλανθος

432 3170 528 3231 μνᾶμα
546 3169 633 3233 χοροί)
653 3164 734 3228 νίκας
751 3163 812 3226 υίὸς
827 3157 1000 3231 Ἀρηϊφίλοιι

190 3271 288 3342 quibus
306 3269 425 3324 uersibus
444 3267 519 3322 cuius
546 3267 664 3336 regionis
688 3266 836 3321 certamina
859 3265 1047 3335 respiciantur,
1075 3267 1183 3322 definiti
1211 3269 1315 3338 nequit.
1349 3267 1421 3323 aliud

191 3373 295 3430 quoque
313 3355 442 3410 victoriae
459 3354 576 3408 musicae
594 3351 781 3406 testimonium
799 3351 1018 3417 nancisceremur,
1032 3353 1054 3406 si
1068 3369 1113 3422 pro
1126 3357 1198 3408 certa
1211 3355 1323 3410 vendere
1334 3355 1424 3410 liceret

89 3499 104 3515 „f
191 3445 357 3514 ingeniosam
376 3441 488 3510 Berghii
506 3440 695 3505 coniecturam,
715 3454 796 3506 quam
815 3438 847 3492 de
868 3439 1056 3494 constituenda
1075 3440 1192 3496 chronici
1211 3441 1285 3496 Parii
1303 3442 1375 3496 linea
1393 3447 1421 3494 61

192 3538 242 3600 (ep.
255 3535 298 3598 4⁷)
319 3531 354 3598 (p.
367 3533 400 3581 22
418 3527 462 3597 F.)
480 3526 619 3596 proposuit
639 3526 721 3594 (Hist.
737 3525 794 3578 litt.
807 3525 852 3579 Gr.
865 3525 895 3580 ΙΙ
913 3531 963 3578 δ36
982 3526 1044 3579 adn.
1061 3529 1118 3596 39l:
1138 3523 1186 3596 ἀφ’
1208 3527 1242 3582 οὗ
1263 3531 1423 3598 Μεζλανλιπ-

190 3617 285 3684 πίδζης
309 3615 451 3682 ἐνίκησλεν
468 3613 687 3680 Ἀθήνησιν....
712 3612 851 3680 ἄρχοντος
877 3605 1031 3678 Ἀθήνησιν
1059 3614 1240 3682 Πυθοκρίτοα
1271 3614 1315 3678 (ol.
1335 3619 1377 3680 71,
1400 3617 1422 3680 θ)

192 3721 239 3774 pro
263 3705 306 3758 ΝΕ
330 3739 406 3753 .....
431 3701 547 3769 ΙΠΠΙΑ,
574 3715 641 3768 quae
665 3697 844 3752 exhibuerunt
862 3695 1030 3752 Chandlerue
1049 3702 1077 3754 et
1095 3698 1236 3754 Semlerus.
1265 3699 1346 3753 hodie
1364 3715 1423 3753 vero

191 3807 252 3846 oum
270 3791 348 3844 tanta
367 3788 512 3856 scripturae
530 3801 591 3853 pars
610 3787 638 3838 in
658 3785 748 3853 lapide
765 3785 906 3838 evannerit
925 3801 1009 3854 neque
1027 3787 1056 3839 in
1067 3786 1155 3856 Doppi
1167 3789 1195 3842 et
1207 3785 1312 3841 Flaohii
1325 3788 1423 3856 ectypis

85 3870 88 3876 ’
191 3877 278 3930 ullum
295 3875 377 3929 hulus
395 3871 507 3942 epochae
526 3871 672 3940 vestigium
691 3871 820 3940 adpareat
838 3871 892 3924 nisi
911 3872 968 3926 sola
981 3873 1075 3926 Ilttera
1096 3874 1127 3938 N,
1146 3877 1249 3928 certum
1271 3873 1303 3928 de
1315 3874 1423 3929 lacunae

192 3962 376 4031 supplemento
395 3959 525 4012 iudicium
550 3957 663 4026 proferri
688 3959 796 4026 nequit;
825 3959 932 4012 constat
959 3960 1031 4012 enlm
1059 3959 1088 4012 in
1115 3959 1203 4029 lapide
1230 3960 1278 4014 illo
1305 3976 1423 4030 nequee

192 4049 341 4118 spatIorurn
359 4043 549 4114 magnitudine
567 4059 652 4112 neque
670 4059 684 4096 e
701 4042 855 4097 lItterarum
873 4060 985 4098 numero
1004 4045 1148 4114 quicquam
1166 4062 1243 4115 posse
1268 4047 1369 4117 colligi.
1398 4049 1422 4102 et

190 4135 309 4204 profecto
327 4131 439 4198 Berglrii
458 4130 609 4184 coniectura
626 4130 713 4183 multo
731 4129 799 4182 mihi
818 4132 955 4198 praestare
973 4129 1080 4183 videtur
1099 4131 1244 4186 Chandleri
1257 4135 1284 4188 et
1297 4133 1423 4189 Boeckhii
1501 4169 1504 4177 -

191 4218 383 4288 supplementis
411 4216 609 4285 novissimoque
636 4216 742 4270 Flachii
771 4217 896 4270 invento:
925 4211 975 4285 ἀφ’
995 4216 1028 4270 οὗ
1053 4218 1132 4287 νέίον
1154 4205 1290 4290 πόλεμον]
1308 4219 1422 4292 Ἱππία[ς

191 4307 320 4374 αἴρεσθαι
347 4304 462 4372 Πέρσας
490 4303 612 4374 ἔπεισλεν
637 4302 796 4370 Ἀθηναίοις
823 4305 840 4358 i.
859 4319 881 4358 e.
899 4305 970 4372 πρὸς
994 4303 1174 4372 Ἀθηναίους.
1204 4306 1249 4360 sed
1267 4305 1301 4360 ed
1319 4307 1421 4362 irritum

190 4393 268 4446 eadat
287 4390 439 4444 coniectura
457 4388 506 4442 illa
530 4391 660 4458 spaciosa,
688 4392 711 4443 si
729 4393 800 4444 recte
824 4389 959 4444 Rolrdium
984 4391 1053 4446 Mus.
1072 4392 1157 4450 Rhen.
1176 4392 1299 4448 XXXIII
1318 4399 1370 4448 ala
1388 4410 1421 4463 eq.

190 4477 318 4532 statuisse
337 4475 511 4530 concedamus
529 4475 739 4548 Melanippidem
758 4477 837 4530 illum
856 4479 979 4546 priorem,
998 4494 1077 4546 quem
1096 4480 1290 4550 Melanippidis
1308 4482 1422 4549 praeola-

190 4563 291 4618 rissimi
310 4567 403 4632 poetae'
422 4578 501 4617 avum
520 4563 616 4618 Suidas
635 4563 716 4629 dicit,
744 4579 890 4632 numquam
914 4564 1015 4618 uixisse
1040 4565 1150 4634 eiusque
1167 4583 1265 4621 nomen
1278 4568 1422 4622 'tantmna

190 4651 374 4720 grammatias
393 4649 534 4705 confictum
553 4667 615 4706 ense.
