3280 5100
1403 373 1447 437 77

187 581 225 646 Π
246 579 327 658 331,
352 579 575 661 Dittenberger
598 577 674 663 Syll.
698 576 787 664 210).
818 581 933 660 quanto
957 578 1060 642 studio
1083 578 1114 641 in
1131 578 1275 643 omnibus
1292 579 1446 644 Arcadiae

188 683 336 748 urbibus
359 683 459 766 poesis
483 682 606 748 chorico
630 681 717 746 culta
740 684 796 759 sit,
831 683 968 746 testatur
991 681 1140 763 Polybius
1167 681 1231 746 llll
1255 682 1306 764 20,
1331 681 1350 746 8
1374 700 1445 764 sqq.

188 787 272 852 Elei
302 785 334 849 in
358 787 453 851 titulo
476 787 611 868 quodam
634 789 705 866 post
728 783 897 849 Alexandri
921 786 1054 848 aetatem
1079 784 1194 866 scripto
1230 784 1340 869 (Arch.
1364 785 1442 849 Zeit.

189 889 346 954 XXXIII
372 889 432 954 183
447 907 491 971 sq.
516 909 545 953 n.
572 889 605 970 4)
639 888 818 953 Democrati
847 888 980 952 Tenedio
1016 889 1187 953 decernunt
1209 890 1385 968 προεδρίαν
1409 891 1444 953 ἐν

190 997 277 1070 τοῑρ
295 993 524 1070 Διονυσιακοῖρ
550 991 697 1070 ὰγώνοιρ.

313 1114 379 1177 Iam
397 1131 468 1176 vero
485 1115 651 1192 antequam
673 1111 711 1175 ad
724 1111 883 1193 Argolidis
906 1111 997 1175 urbes
1017 1111 1185 1193 transeam,
1209 1112 1321 1175 iterum
1343 1130 1444 1192 pauca

196 1215 242 1279 de
270 1215 474 1280 Isthmiorum
496 1219 527 1280 et
550 1215 741 1280 Nemeorum
765 1214 971 1279 celebratione
996 1215 1226 1295 praemittenda
1249 1215 1339 1292 suut,
1364 1234 1447 1296 quae

189 1307 269 1383 bac
298 1307 400 1384 notate
430 1338 489 1383 uon
509 1311 610 1383 'modo
640 1317 788 1400 gymnica
817 1320 849 1381 et
878 1318 1052 1400 equestria,
1085 1320 1138 1381 sed
1162 1318 1291 1403 ¹musica
1323 1337 1447 1400 quoque

196 1421 304 1486 fuisse
321 1423 413 1486 certis
429 1420 619 1486 testimonIIs
636 1422 799 1486 evincitur.
823 1439 922 1502 neque
944 1437 1014 1484 vero
1031 1421 1104 1486 aute
1113 1420 1281 1484 Alexandri
1304 1424 1444 1485 aetatem

198 1525 265 1589 has
289 1523 525 1620 commissiones
547 1523 680 1587 musicas
705 1521 834 1586 additas
851 1542 916 1587 esse
940 1525 1026 1605 puto.
1066 1524 1099 1585 in
1123 1523 1216 1586 titulo
1244 1523 1326 1587 enim
1350 1525 1442 1588 antea
1508 1558 1511 1569 ι
1548 1589 1551 1598 ,

200 1631 466 1705 commemorato,
500 1645 559 1709 quo
584 1629 804 1692 enumerantur
829 1621 966 1690 Nicoclis
990 1627 1159 1691 citharoedi
1182 1627 1343 1710 victorine,
1368 1627 1444 1691 haec

201 1749 330 1814 quoque
354 1730 450 1795 verba
473 1731 634 1812 leguntur:
672 1731 796 1808 Ἴσθμια
818 1734 959 1807 πρῶτος.
1000 1749 1076 1810 quae
1107 1729 1202 1794 verba
1231 1730 1317 1793 nullo
1351 1731 1448 1794 modo

200 1835 254 1898 ita
270 1837 399 1914 possunt
422 1833 578 1917 explicari,
591 1838 626 1896 ut
642 1832 756 1896 statuit
775 1833 891 1895 Breuer
905 1833 925 1897 l.
940 1851 966 1897 c.
980 1851 1009 1914 p.
1030 1833 1078 1913 13,
1096 1851 1166 1896 cum
1184 1833 1316 1896 dloeret:
1336 1835 1443 1898 ‘verba

201 1939 331 2016 Ἴσθμια
346 1941 477 2014 πρῶτος
493 1936 551 2000 hoo
567 1936 692 2017 quidem
709 1935 740 1998 in
758 1935 839 2000 festo
855 1937 960 2018 plures
977 1953 1120 2000 coronam
1138 1937 1293 2016 accepisse
1309 1928 1447 2018 docent'p

202 2057 282 2102 nam
306 2039 338 2100 in
354 2039 581 2103 Panathenaeis
605 2056 725 2120 quoque
750 2040 842 2120 plura
858 2042 996 2120 praemia
1019 2039 1177 2119 proposita
1199 2038 1295 2104 fuisse
1315 2039 1445 2115 scimus.

202 2159 308 2222 neque
324 2143 390 2206 veri
412 2141 516 2206 simile
539 2142 786 2225 esththiorom
810 2143 982 2206 certamina
1004 2142 1126 2206 mustea
1149 2142 1253 2206 minus
1278 2142 1445 2225 magnifice·

204 2248 282 2311 acta
305 2263 370 2309 osse
394 2264 485 2326 quam
510 2245 661 2320 Isthmia3
686 2249 826 2310 attamen
851 2246 990 2310 victoriis
1013 2246 1057 2309 ibi
1081 2244 1247 2326 reportatis
1271 2246 1343 2309 talis
1366 2249 1448 2310 nota

203 2350 240 2436 iu
264 2349 323 2412 hoo
346 2349 440 2412 tilulo
464 2349 569 2412 addita
591 2367 651 2412 non
675 2351 733 2413 est.
758 2351 888 2427 acoeIIt‚
903 2353 993 2432 quod,
1017 2349 1077 2413 etsi
1100 2349 1190 2431 plura
1213 2351 1350 2430 praemia
1370 2369 1440 2412 cou-

206 2451 325 2517 stituta
348 2455 422 2516 sunt
445 2453 475 2516 in
499 2451 669 2528 certamine
693 2453 835 2534 quodam,
860 2455 965 2516 tamen
988 2471 1108 2534 semper
1131 2471 1210 2515 uuus
1233 2453 1316 2516 solus
1340 2456 1442 2518 nomi·

207 2559 302 2620 natur
325 2556 435 2633 victor,
461 2575 530 2619 eum
556 2555 635 2637 dico,
660 2557 712 2638 qui
730 2575 887 2620 summum
907 2556 1081 2637 praemium
1106 2557 1286 2636 reportavit.
1311 2561 1445 2634 πρῶτος

206 2661 248 2739 ἦν
271 2661 353 2724 enim
378 2660 461 2723 idem
485 2662 649 2742 astatque
673 2661 761 2724 ἐνίκα
785 2658 838 2740 (cf.
861 2658 990 2736 Madvig
1014 2656 1066 2720 Kl.
1092 2657 1168 2739 phil.
1195 2657 1281 2721 Sohr.
1305 2677 1335 2738 p.
1346 2657 1440 2735 450);

207 2764 261 2845 qui
285 2766 391 2826 autem
414 2764 584 2826 secundum
608 2765 727 2828 othnet
751 2765 871 2840 locum,
896 2761 992 2824 habet
1015 2761 1155 2840 quidem,
1180 2779 1240 2840 quo
1264 2761 1443 2823 consoletur

208 2885 251 2942 se,
275 2865 327 2927 sed
351 2863 501 2928 victoriae
522 2866 623 2946 glorIa
646 2883 706 2928 non
730 2864 855 2928 fruitur.
879 2862 999 2927 homini
1015 2863 1246 2946 igIturGraeco
1270 2881 1439 2944 numquam

208 2967 241 3032 id
263 2967 297 3030 iu
321 2967 457 3029 mentem
481 2967 583 3043 venit,
619 2970 654 3031 ut
678 2967 819 3030 vintoriis
850 2967 913 3030 suis
937 2985 1083 3030 numeros
1106 2970 1251 3046 πρῶτος,
1289 2967 1445 3044 δεύτερος

209 3073 266 3134 hoc
289 3088 381 3134 sensu
404 3069 611 3152 adscriberet3
636 3089 707 3134 nam
733 3088 801 3156 cum
819 3069 906 3147 vicit,
920 3069 1050 3148 πρῶτος
1067 3069 1210 3145 ἐγένετοτ
1234 3068 1260 3132 si
1278 3069 1444 3150 δεύτερος,

209 3192 268 3240 non
294 3175 378 3239 vicit.
419 3190 496 3254 quac
526 3191 596 3236 oum
626 3171 671 3237 lta
699 3173 779 3248 sint,
814 3175 908 3237 verbe
929 3174 1051 3250 Ἴσθμια
1066 3177 1213 3251 πρῶτος,
1248 3173 1294 3236 lta
1316 3173 1443 3236 tanturn

210 3279 358 3360 explicari
388 3294 476 3358 posse
506 3277 669 3359 videntur,
704 3280 740 3340 ut
764 3275 923 3340 Nicoclem
954 3277 1095 3340 omnium
1118 3276 1279 3340 homiuum
1304 3277 1444 3358 primum

210 3382 399 3446 citharoedis
415 3380 446 3442 iu
464 3380 668 3444 IsthmIorum
685 3379 889 3444 sollemnibus
913 3380 1024 3444 vicisse
1047 3382 1223 3445 statuamus
1245 3380 1450 3463 primumque

210 3485 240 3548 in
265 3483 416 3570 Isthmiius.
435 3482 642 3546 citharoediae
665 3483 821 3547 certamen
850 3483 929 3546 illud
955 3484 1068 3561 luisse,
1100 3484 1131 3545 iu
1155 3499 1213 3562 quo
1237 3482 1381 3545 Nicocles
1411 3487 1445 3545 ot

210 3591 341 3653 certavit
364 3593 395 3652 et
418 3587 504 3651 vicit.
528 3588 573 3650 ita
590 3586 723 3651 Iasensis
747 3587 874 3668 quidam
899 3585 1076 3652 clencan
1100 3584 1213 3647 dicitur
1234 3587 1368 3662 νικήσας
1385 3589 1443 3664 τὴν

209 3694 362 3768 περίοδον
392 3691 519 3770 ἀνδρῶν
542 3692 672 3768 δόλιχον
702 3691 752 3754 καὶ
781 3691 820 3752 τὰ
844 3691 878 3752 ἐν
893 3681 997 3770 Ῥώμῃ
1022 3688 1205 3751 Καπετώλια
1228 3689 1357 3766 πρῶτος
1388 3689 1447 3752 ἀν-

210 3794 366 3870 θρώπων;
396 3794 518 3875 primus
541 3794 660 3856 scilicet
684 3792 760 3854 vicit
782 3791 813 3852 in
839 3791 1061 3854 certaminibus
1085 3789 1268 3873 Capitolinis
1293 3811 1311 3854 a
1334 3794 1440 3856 Domi-

209 3897 295 3959 tiano
317 3912 343 3958 a.
357 3894 397 3957 86
414 3913 442 3974 ρ.
459 3893 530 3958 Chr.
549 3894 704 3957 institutis
731 3894 782 3974 (of.
797 3893 919 3957 Boeolrh
944 3892 1014 3958 OIG
1029 3895 1079 3958 III
1096 3913 1124 3975 p.
1144 3895 1203 3959 751
1219 3895 1265 3976 b);
1286 3896 1326 3958 of.
1344 3896 1442 3960 etiam

210 3997 280 4064 (IIA
297 3997 345 4062 III
362 3997 434 4061 129.
451 3997 511 4059 iam
531 4015 602 4060 cum
618 3995 756 4062 Nicoclis
773 3997 897 4073 titulus,
913 3996 965 4078 qui
982 3999 1038 4061 aut
1052 4001 1123 4079 post
1145 3996 1285 4062 Nicoclis
1309 4003 1441 4062 mortem

210 4106 264 4166 aut
288 4105 358 4182 post
383 4119 529 4183 magnam
554 4101 708 4182 quandam
734 4102 799 4165 eins
823 4100 987 4165 victoriam
1010 4101 1132 4182 positus
1156 4101 1213 4177 est,
1239 4121 1274 4163 er
1293 4101 1442 4166 Kochleri

209 4204 323 4269 iudicio
354 4223 381 4268 a.
406 4204 470 4269 fere
494 4203 558 4270 310
581 4206 714 4287 scriptus
737 4204 798 4284 sit,
835 4204 983 4269 victoriae
1006 4209 1110 4268 autem
1147 4203 1185 4268 ab
1210 4223 1244 4268 eo
1267 4209 1442 4286 reportatae

210 4327 280 4372 eum
310 4309 381 4391 plus
411 4309 523 4392 viginti
554 4328 650 4373 annos
678 4309 901 4373 certaminibus
930 4308 1108 4371 interfuisse
1137 4308 1349 4371 demonstrent
1380 4312 1447 4387 (ser

214 4411 297 4475 enim
315 4415 380 4476 eius
396 4412 546 4476 victoriae
561 4411 713 4494 Pythicae
730 4413 978 4492 enumerantur),
995 4412 1078 4476 intra
1093 4429 1189 4475 annos
1205 4411 1270 4475 340
1287 4415 1353 4492 (aut
1366 4411 1443 4490 350)

199 4515 241 4598 et
258 4517 321 4578 310
342 4534 369 4579 a.
388 4514 459 4580 Chr.
484 4515 735 4580 altharoedorum
762 4517 934 4592 certamina
957 4513 1270 4602 ceteris-Isthmiacis
1293 4514 1450 4598 agonibus

210 4617 318 4682 addila
347 4637 413 4683 esse
436 4638 558 4684 neeesse
590 4623 644 4683 est.
681 4637 752 4684 cum
776 4637 866 4700 porro
889 4636 943 4700 pro
968 4622 1052 4682 certo
1075 4618 1236 4682 adfirmari
1265 4616 1362 4697 possit
1385 4613 1445 4679 Oo-
