3240 5112
227 353 271 418 30

227 544 324 623 etque
348 544 384 606 ut
402 539 608 623 Antiphontis
631 538 823 621 temporibus
847 540 972 620 choragi
996 541 1102 620 poetes
1125 537 1390 619 sortiebantur1),
1424 540 1484 604 sic

232 643 448 708 Demosthenis
472 647 575 707 aetate
599 641 632 719 ii,
656 642 709 723 qui
732 643 859 707 eborum
875 644 1017 706 ornaturi
1033 645 1131 726 erent,
1156 642 1368 706 sortiebantur
1391 641 1482 706 tibi-

225 745 359 827 eines2).
394 746 426 808 id
455 747 537 828 quod
573 745 692 826 optime
724 747 827 810 titulis
861 744 1033 826 choregicis
1065 744 1265 824 illustratur,
1299 743 1483 825 inquibus

229 847 435 930 Antiphontis
463 850 653 928 temporibus
683 848 881 913 διδασκάλου
908 847 1003 911 solius
1032 865 1144 912 nomen
1179 847 1374 928 adscriptum
1409 851 1478 927 est,

231 950 450 1016 Demosthenis
477 951 584 1016 eutem
610 951 713 1014 aetate
742 950 859 1013 tibicen
886 955 959 1014 cute
983 949 1171 1030 magistrum
1194 953 1474 1015 commemoretur.

226 1051 284 1134 qui
306 1071 373 1116 mos
396 1052 567 1135 posteriore
590 1069 710 1134 quoque
732 1068 871 1133 tempore
893 1071 1015 1134 semper
1038 1053 1172 1118 sciebat.

268 1241 273 1254 .
331 1187 376 1253 Ut
398 1188 496 1270 igitur
518 1188 575 1254 hae
591 1191 773 1271 ceteraeque
786 1188 993 1255 formularum
1010 1189 1201 1256 mutationes
1225 1190 1371 1256 clariores
1388 1191 1474 1256 fient

228 1289 364 1372 singulis
387 1292 491 1357 titulis
514 1292 655 1372 schema,
690 1295 770 1374 quod
794 1292 919 1374 dicunt,
953 1293 1068 1358 litteris
1099 1311 1279 1374 cupressum
1301 1293 1474 1360 additurus

229 1412 310 1458 sum.
340 1413 373 1458 ιιι
396 1412 456 1476 quo

331 1540 439 1606 littere
461 1541 494 1607 A
508 1540 701 1624 significetur
716 1540 852 1608 formula
878 1543 896 1607 δ
921 1546 1010 1608 δεῖνα
1031 1543 1109 1622 ἦρχε

460 1643 495 1709 Β
598 1679 641 1692 -
774 1681 817 1694 -
876 1649 1008 1724 ἡδεῑνα
1031 1650 1115 1726 φυλὴ
1140 1647 1226 1712 ἐνίκα

460 1746 478 1810 b
779 1785 815 1794 -
850 1833 855 1842 Ι
883 1798 999 1818 ......
1013 1759 1051 1835 τῇ
1076 1755 1153 1816 δεῖνι
1175 1755 1341 1832 φυλῇ....

464 1849 492 1914 0
775 1889 817 1900 -
877 1855 1009 1920 ὁδεῑνα
1032 1859 1180 1934 χορηγῶν
1204 1854 1290 1918 ἐνίκα

463 1973 478 2018 e·
775 1993 816 2002 -
877 1959 1008 2021 ὁδεῑνα
1032 1958 1177 2035 ἐχορήγει

461 2055 495 2120 D
774 2095 815 2106 -
875 2061 1006 2123 ὁδεῑνα
1030 2061 1181 2125 ἐδίδασκε

460 2158 493 2222 E
597 2198 637 2208 -
773 2197 813 2207 —
874 2163 1005 2226 ὁδεῑνα
1027 2163 1125 2240 ηὔλει.

232 2297 338 2362 littere
360 2321 384 2362 π
406 2297 565 2379 adscripta
594 2297 709 2362 litteris
732 2297 766 2362 B
800 2301 832 2362 et
860 2297 878 2361 b
912 2298 1106 2381 significetur
1137 2264 1267 2366 chorum
1298 2318 1469 2381 puerorum
1572 2369 1575 2380 ,

232 2403 391 2483 (παίδων),
408 2401 516 2466 littera
531 2423 552 2466 α
567 2402 695 2466 chorum
712 2401 850 2466 virorum
867 2402 1022 2483 (debebo)
1040 2405 1134 2468 fuisse
1151 2403 1230 2485 (Ba,
1245 2404 1313 2482 Βπ,
1329 2403 1380 2482 δα,
1401 2401 1472 2486 δ,);

232 2525 360 2570 numero
383 2505 403 2569 2
426 2505 638 2587 suprascripto
673 2504 838 2587 litteraeb
861 2503 917 2587 (δ’)
954 2507 1148 2589 significetur
1183 2508 1313 2574 chorum
1342 2526 1360 2572 a
1390 2507 1472 2571 binis

175 2641 177 2644 ·
230 2609 376 2674 tribubus
399 2610 574 2674 coniunctis
597 2608 787 2674 instructum
811 2627 892 2684 esse;
918 2610 1022 2675 littera
1045 2616 1062 2689 β
1086 2613 1244 2694 adscripta
1260 2611 1375 2676 litteris
1393 2609 1468 2683 O.c.

231 2710 275 2789 D,
291 2711 326 2776 E
350 2714 448 2794 petris
473 2731 584 2776 nomen
602 2697 764 2775 hominurn
788 2730 895 2776 eorum
919 2713 1098 2778 nominibus
1121 2716 1264 2780 additum
1282 2711 1468 2800 (OprE‘p),

232 2815 338 2880 littera
359 2838 379 2892 γ
402 2816 521 2896 patriae
537 2816 613 2878 nota
628 2815 738 2879 addita
762 2813 938 2900 (OprEp)
957 2816 1072 2880 litteris
1097 2820 1192 2900 β-1-ρ
1217 2826 1388 2900 utrumque
1412 2818 1467 2880 ad·

228 2919 337 2982 ditum
361 2918 555 3002 significetur
581 2915 900 3005 (0o÷oDo÷oEo†o)·

336 3055 458 3120 Titulos
482 3055 580 3138 igitur
603 3057 780 3138 choragicos
804 3076 840 3121 eo
863 3057 971 3122 ordine
994 3057 1155 3137 exhibebo,
1180 3061 1216 3121 ut
1239 3058 1333 3139 primi
1349 3076 1465 3140 ponen-

177 3240 181 3257 s
231 3161 285 3222 tur
307 3155 404 3232 tituli,
430 3177 506 3241 quos
530 3166 601 3224 ente
625 3160 761 3224 Euclidis
784 3178 901 3223 annum
925 3160 1059 3242 scriptos
1083 3180 1149 3226 esso
1164 3161 1344 3227 litterarum
1359 3162 1465 3226 formis

172 3346 174 3354 y
233 3264 378 3326 docemur
404 3262 551 3343 (1-111),
566 3263 620 3324 hos
643 3261 799 3341 excipient
821 3262 925 3340 ceteri,
950 3265 1004 3344 qui
1027 3265 1152 3344 propter
1175 3265 1334 3330 archontis
1356 3282 1466 3329 nomen

170 3355 205 3393 '³
233 3364 410 3446 adpositum
440 3365 532 3428 certis
566 3361 655 3428 annis
689 3363 847 3446 adsignari
879 3365 1027 3445 possunt!
1054 3366 1164 3430 deinde
1188 3367 1226 3431 de
1255 3368 1360 3432 titulis
1383 3367 1467 3449 freg-

182 3533 186 3540 ,
233 3471 406 3552 mentisque
429 3467 592 3533 nonnullis
614 3467 753 3531 incertae
776 3466 891 3532 aetatis
916 3469 1057 3534 dicturus
1082 3489 1167 3537 surm:
1198 3471 1330 3553 denique
1359 3471 1465 3535 titulos

230 3574 287 3654 qui
310 3571 441 3654 privatis
464 3572 676 3644 monumentis
697 3571 866 3652 subscripti
890 3579 990 3652 erent,
1007 3573 1151 3638 ediciam.
1395 3561 1398 3574 '

234 3753 439 3762 ῃ-

340 3861 358 3922 ¹)
378 3857 490 3925 Antiph.
513 3855 558 3910 VI.
580 3863 623 3910 11:
643 3858 688 3910 καὶ
701 3856 804 3921 ἔλαχον
817 3854 989 3910 Παντακλέα
1008 3856 1177 3912 διδάσκαλον
1197 3857 1255 3924 (ubi
1277 3856 1309 3910 de
1327 3872 1463 3926 puerorum

233 3948 315 4000 choro
340 3944 421 3998 uerba
446 3944 516 3996 fiunt
543 3942 575 3995 cf.
594 3947 609 4007 ξ
631 3950 660 3995 12
674 3946 723 4011 sq.)
746 3944 779 3994 ct'.
798 3940 888 4007 Bergk
908 3941 925 3991 l.
944 3957 965 3992 e.
985 3940 1014 3993 II
1038 3948 1087 3994 503
1107 3959 1144 4010 sq.
1171 3944 1231 3998 adn.
1253 3949 1284 3996 19
1309 3948 1336 3996 et
1360 3950 1409 4006 207
1423 3946 1467 4012 qui

234 4039 307 4088 recte
331 4032 453 4086 Cinesiae
481 4030 561 4083 verba
585 4031 683 4097 (Arist.
701 4030 752 4083 Av.
777 4043 802 4083 v.
827 4029 918 4091 1404):
942 4027 972 4088 ὃς
995 4033 1059 4090 ταῖς
1084 4033 1188 4094 φυλαῖς
1205 4031 1400 4098 περιμάχητός
1418 4030 1468 4096 εἰμ’

230 4121 279 4176 ἀεί
297 4119 349 4174 huo
366 4118 483 4173 rettulit.

340 4243 360 4305 ²)
388 4241 465 4297 Deru.
493 4233 558 4292 XXI
589 4243 633 4290 13:
661 4237 811 4304 παρούσης
838 4235 870 4288 δὲ
897 4239 949 4299 τῆς
977 4234 1139 4302 ἐκκλησίας,
1169 4237 1200 4290 ἐν
1224 4239 1241 4307 ᾗ
1267 4239 1320 4292 τὸν
1345 4238 1466 4307 ἄρχοντα

235 4330 409 4394 ἐπικληροῦν
438 4327 453 4378 ὁ
487 4327 574 4390 νόμος
600 4330 662 4387 τοῖς
687 4327 785 4390 χοροῖς
815 4322 883 4383 τοὺς
913 4321 1039 4388 αὐλητὰς
1072 4323 1466 4393 κελεύει....κληρουμέναιν

235 4419 351 4481 πρῶτος
364 4411 505 4480 αἱρεῖσθαι
518 4413 569 4464 τὸν
583 4411 712 4475 αὐλητὴν
732 4409 842 4473 ἔλαχον.
861 4405 894 4458 ed
913 4407 1044 4484 musicum
1057 4409 1189 4474 quendem
1201 4409 1324 4476 ignotum
1334 4411 1466 4464 referenda

235 4514 307 4562 esse,
335 4514 403 4566 quae
431 4498 508 4551 borno
535 4496 643 4564 quidam
671 4497 699 4548 in
722 4490 866 4561 Amphidis
890 4492 1063 4562 Ditbyrombi
1087 4495 1117 4548 fr.
1146 4501 1175 4547 14
1204 4493 1244 4560 (ΙΙ
1268 4512 1293 4564 p.
1315 4501 1364 4548 239
1388 4495 1466 4562 Koch)

233 4583 318 4637 dicits
345 4587 441 4651 φυλὴν
468 4583 610 4653 περιμένω
631 4582 745 4649 σφόδρα
764 4583 983 4647 φιλονεικοῦσαν
1007 4585 1105 4647 λαχεῖν
1132 4582 1186 4634 τιν’
1210 4581 1280 4633 vidit
1304 4581 1395 4649 Bergk
1413 4579 1429 4634 l.
1446 4597 1464 4634 o.
