3240 5112
177 331 195 396 tl

278 517 359 586 Cum
392 537 489 602 usqne
515 519 557 584 ad
586 519 729 584 menum
755 520 916 584 saeculum
945 523 1068 584 sertum
1090 519 1205 606 Sparta
1227 525 1415 604 ceteraeque

177 622 307 690 Doricae
335 623 481 690 ciuitates
509 623 542 688 iu
571 623 693 688 artibus
721 622 854 687 musicis
883 622 1021 687 colendis
1042 625 1181 706 primum
1203 625 1308 689 locum
1329 628 1415 690 obti-

176 725 327 802 nuissent,
350 725 563 792 Pisistratidis
586 725 787 808 regnantibus
804 727 947 792 Athenae
969 746 1076 792 earum
1102 727 1135 790 iu
1159 729 1265 792 locum
1287 747 1416 793 sucees-

175 831 293 896 ecrunt.
315 830 438 912 quade
461 847 586 894 recum
611 829 695 894 inira
721 831 917 911 erposIturus
944 825 1026 912 sim,
1060 832 1175 914 restat,
1209 836 1247 894 ut
1274 831 1416 895 breuiter

176 949 374 1016 componam,
410 950 489 1015 qnae
522 931 560 996 de
594 931 821 998 conaminibus
849 934 977 998 musicis
1008 937 1094 999 extra
1120 937 1222 1016 ipsam
1245 935 1413 1002 Gmeciam

176 1052 257 1100 saec.
280 1033 342 1098 Vll
364 1037 398 1098 et
421 1034 465 1098 vl
493 1035 574 1100 actis
597 1035 766 1101 memoriae
794 1037 980 1118 traduntur;
1016 1036 1156 1102 dubitari
1180 1038 1264 1102 euim
1294 1038 1414 1118 nequit,

176 1135 253 1218 quin
286 1135 319 1202 iu
352 1137 463 1204 multis
485 1139 579 1204 Asiae
609 1138 741 1204 minoris
763 1139 1002 1222 insularumque
1033 1140 1180 1223 urbibus,
1209 1160 1287 1222 quac
1309 1143 1415 1206 aetate

177 1238 235 1306 illa
256 1239 367 1323 opibus
388 1240 550 1324 florebant,
567 1242 805 1307 commissiones
827 1243 966 1308 musione
989 1243 1115 1307 habitae
1137 1246 1210 1319 siut,
1223 1263 1415 1326 quamquam

177 1341 290 1426 exigua
311 1346 497 1428 plerumque
520 1345 559 1410 de
588 1345 637 1410 his
670 1345 763 1410 rebus
794 1347 834 1410 ad
863 1365 919 1410 nos
942 1346 1085 1427 peruenit
1114 1348 1274 1412 memoria
1313 1347 1415 1411 ueluti

177 1463 275 1528 neque
296 1446 399 1530 qualis
421 1447 518 1512 suerit
540 1448 594 1512 ille
616 1465 696 1530 agon
718 1449 873 1528 Τριοπίου
892 1444 1112 1532 Ἀπόλλωνος,
1135 1451 1170 1514 in
1191 1470 1253 1532 quo
1274 1450 1416 1532 tripodas

177 1548 316 1634 praemio
331 1551 419 1616 datos
435 1568 501 1615 esse
517 1550 694 1616 Herodotus
710 1551 725 1614 1
744 1549 807 1615 144
821 1558 939 1634 narrat,
956 1571 1054 1635 neque
1070 1573 1131 1635 quo
1153 1558 1245 1619 modo
1261 1553 1414 1619 Panionia

178 1653 210 1718 iu
232 1651 404 1736 Mycalensi
427 1653 644 1737 promunturio
667 1656 723 1720 aut
744 1653 912 1720 Posidonia
939 1657 973 1720 in
996 1657 1099 1721 insula
1130 1658 1215 1721 'leno
1239 1657 1414 1739 antiquitus

177 1755 248 1822 acta
270 1755 427 1822 celebrata
448 1756 523 1840 sint,
547 1759 741 1838 compertum
768 1751 928 1824 habdmml
953 1761 1130 1825 accuratius
1146 1761 1184 1824 dc
1201 1761 1330 1826 Deliaca
1344 1765 1415 1823 tan-

177 1861 246 1924 tum
268 1859 380 1926 Ionum
403 1859 552 1944 panegyri
575 1861 675 1926 edocti
697 1879 816 1940 sumus,
829 1880 924 1944 quam
940 1863 973 1927 iu
995 1864 1097 1942 primo
1113 1863 1239 1946 Hymuo
1256 1863 1413 1927 homerico

177 1962 312 2030 describi
335 1963 414 2030 eatis
437 1969 570 2030 constat.
594 1984 654 2048 quo
676 1965 710 2028 in
732 1965 870 2029 carmine
893 1967 1107 2031 uetustissimo
1130 1969 1218 2031 varia
1240 1967 1415 2032 certamina

178 2065 210 2130 iu
234 2067 392 2150 Apollinis
415 2067 563 2132 horrorem
586 2067 671 2132 saeta
692 2066 742 2132 his
766 2068 868 2132 vorbis
892 2071 1179 2134 commemorantur
1200 2089 1253 2134 ru.
1271 2070 1333 2134 148
1348 2088 1415 2151 sq:

354 2188 385 2252 o'r
409 2189 446 2254 δέ
469 2203 509 2253 σε
531 2189 689 2272 πυγμαχίῃ
712 2209 747 2252 τε
768 2190 820 2252 καὶ
843 2187 996 2274 ὀρχηθμῷ
1020 2191 1070 2254 καὶ
1094 2189 1186 2272 ἀοιδῇ

356 2291 552 2372 μνησάμενοι
575 2294 760 2372 τέρπουσιν,
785 2289 865 2356 ὅταν
887 2295 1074 2370 στήσωνται
1096 2292 1215 2369 ἀγῶνα.

179 2411 255 2478 Item
278 2413 341 2478 iam
359 2411 528 2476 Homerum
543 2411 654 2476 Delum
679 2413 799 2477 venisse
817 2413 922 2496 ibique
946 2432 1008 2478 una
1030 2433 1100 2478 oum
1118 2414 1254 2477 Hesiodo
1277 2413 1417 2477 carmina

180 2513 325 2580 recitasse
347 2519 495 2580 narratur
519 2512 573 2596 (cl.
596 2515 669 2578 Hes.
688 2514 725 2580 fr.
742 2513 805 2578 227
822 2515 881 2594 R).
921 2519 936 2580 t
960 2520 1033 2580 ante
1055 2516 1174 2580 bellum
1190 2515 1417 2580 Messemaoum

180 2615 317 2702 primurn
340 2617 506 2684 Eumelum
529 2615 727 2682 OorInthium
743 2619 907 2683 Messeniis
931 2619 1114 2698 προσόδιον
1136 2618 1181 2683 εἰς
1204 2620 1317 2697 Δῆλον
1334 2635 1416 2683 eom·

179 2721 318 2806 posuisse
341 2720 465 2788 ecimus.
506 2719 752 2786 Atheniensibus
783 2739 904 2803 quoque
935 2723 999 2786 iam
1028 2721 1204 2803 antIquItus
1235 2740 1308 2786 oum
1340 2720 1416 2784 Delo

181 2825 285 2892 insula
307 2823 527 2892 commercium
559 2823 655 2891 fuisse
690 2843 744 2912 ea,
776 2843 854 2908 quae
878 2827 1056 2892 Herodotus
1079 2827 1095 2890 I
1118 2826 1159 2892 65
1190 2827 1227 2890 de
1249 2825 1417 2890 Pisistrato

181 2927 322 3010 tradidit,
355 2931 578 2996 demonstrant.
606 2946 643 2996 ao
671 2928 877 3011 probabiliter
904 2929 1001 2995 etiam
1033 2928 1173 2994 Pollucis
1203 2929 1417 2992 testimouium

181 3031 258 3098 VIII
284 3031 342 3096 107
355 3031 389 3118 ¹),
412 3031 480 3098 sine
502 3031 597 3098 dubio
621 3050 637 3098 e
660 3033 785 3098 uetusta
800 3033 869 3112 leae
893 3031 1036 3115 petitum,
1061 3035 1098 3096 ad
1123 3031 1241 3096 maiora
1264 3031 1415 3112 quaedam

181 3133 344 3200 sollemnia
368 3133 475 3218 quieto
499 3153 619 3218 quoquo
641 3153 722 3200 enno
745 3133 818 3198 Deli
848 3133 1003 3198 celebrata
1036 3133 1179 3198 homiues
1209 3134 1292 3199 docti
1313 3134 1413 3198 rettu-

182 3347 323 3420 pytluuleo
344 3347 400 3419 [qui
419 3346 519 3418 Pythia
537 3347 723 3418 cantaverunt]
743 3348 846 3414 septem
864 3344 963 3401 habuit
980 3345 1121 3414 palliatos,
1150 3347 1197 3414 qui
1215 3361 1278 3400 uoce
1296 3348 1418 3400 cautare-

181 3437 258 3502 runt‚
279 3434 347 3492 uude
370 3438 458 3504 postea
482 3431 632 3502 appellatus
661 3435 703 3486 est
726 3431 881 3486 choraules'.
917 3433 1126 3502 necquicquam
1147 3435 1246 3486 scimus
1265 3432 1297 3485 de
1317 3432 1419 3484 Aristo-

183 3522 291 3578 τιιοοίτοο
310 3521 383 3576 illiue
402 3524 499 3586 notate,
520 3521 551 3574 de
571 3535 623 3589 qua
641 3517 715 3573 Plut.
734 3517 844 3586 Quaest.
864 3533 939 3574 conv.
959 3519 981 3571 V
1000 3524 1016 3571 θ
1040 3535 1054 3572 e
1074 3517 1229 3571 Polemonis
1258 3516 1328 3568 libro
1355 3518 1417 3582 περὶ

182 3615 242 3666 των
271 3611 301 3664 tv
329 3610 454 3678 Δελφοῖς
482 3609 639 3678 θησαυρῶν
665 3606 708 3673 (ίτ.
737 3609 770 3660 27
798 3605 912 3673 Preller)
940 3606 1006 3659 haec
1030 3605 1172 3657 memoriae
1202 3601 1331 3655 tradidit:
1363 3602 1419 3654 ἐκεῖ

182 3695 326 3766 είιρίγσετεΙ
336 3694 543 3764 γεγραμμένον,
555 3696 595 3758 ab<
608 3694 638 3748 ἐν
651 3698 694 3764 τῷ
708 3692 855 3762 Σικυωνίῳ
870 3696 1009 3762 Θησαυρῷ
1023 3695 1149 3758 χρυσοθν
1163 3689 1292 3744 ἀνέκειτο
1306 3687 1418 3756 βιβλίον.

192 3781 389 3854 Αριστομτίχης
408 3779 540 3846 ἁνοίθημα
558 3784 610 3846 της
628 3779 795 3849 Ἐρυθραίας
812 3777 964 3847 ποιητρίας
990 3779 1100 3844 Ἰσθμια
1119 3773 1305 3842 νενικηκυίας.
1341 3769 1419 3844 quam

150 3854 152 3881 ¹
184 3867 375 3938 posterioribus
394 3866 500 3922 dernuru
518 3866 686 3935 temporibus
705 3868 802 3921 vixisse
815 3872 890 3936 puto.
909 3867 948 3919 sio
968 3863 1071 3932 Εἰρὰνα
1083 3863 1116 3932 (l)
1130 3863 1259 3932 quaedam
1273 3861 1418 3930 Σμυρναία

183 3955 229 4010 ἀπ’
248 3951 356 4016 Ἰωνίας
374 3951 507 4021 ποιήτρια
528 3951 600 4006 iutra
619 3951 653 4006 ol.
666 3957 715 4006 lat
728 3953 755 4006 et
770 3957 818 4005 147
830 3951 964 4004 alumine
982 3948 1058 4003 urbis
1070 3948 1165 4002 incolis
1176 3949 1285 4017 propter
1303 3947 1419 4000 carmina

185 4055 232 4094 κοο
258 4039 389 4094 ίιοηοτοίο
416 4039 470 4102 οοίγ
497 4037 531 4092 oi.
550 4037 677 4106 Ruugabd
704 4038 768 4094 Ant.
797 4037 894 4091 hellen.
923 4037 967 4088 tit.
994 4039 1052 4087 ⁷41.
1080 4036 1217 4088 accuratos
1244 4032 1420 4088 Isthmiorum

185 4123 395 4194 Nemeorumque
413 4123 521 4178 annales
540 4125 661 4178 extitisse
680 4125 763 4192 neget
780 4121 898 4176 Pausan.
914 4120 950 4175 VI
971 4126 1011 4184 13,
1029 4125 1055 4172 l.
1085 4119 1239 4185 Ἰοθμιακαί
1258 4117 1420 4188 ἀναγραφαί

185 4211 300 4266 citantur
319 4209 401 4264 schol.
421 4207 499 4264 Plad.
525 4207 622 4265 Istlrm.
643 4209 657 4264 1
679 4215 718 4276 11,
739 4209 908 4274 Νεμεονῑκαι
927 4206 1010 4260 schol.
1030 4206 1108 4260 Pind.
1128 4206 1205 4258 Nem.
1223 4203 1293 4260 VIII
1313 4221 1369 4272 arg.
1389 4202 1421 4256 ol.

185 4296 261 4352 Nutu.
283 4293 414 4365 V1a1·g.;
443 4294 594 4366 Εὐφορίων
614 4296 644 4349 ἐν
668 4299 711 4364 τῷ
739 4296 803 4362 περί
830 4292 961 4360 Ἰσθμίων
981 4294 1086 4362 saepius
1104 4292 1138 4346 ab
1156 4293 1295 4347 Athenaeo
1324 4292 1421 4344 citatur

185 4383 256 4452 <1111
272 4386 352 4446 itte,
365 4385 413 4438 18³
424 4381 442 4448 l,
453 4381 539 4438 XIIII
554 4385 603 4435 ess
614 4379 631 4444 l,
643 4383 693 4432 ttt
713 4395 728 4432 a
747 4379 777 4444 il,
797 4379 842 4432 ubi
861 4379 893 4432 de
911 4380 1100 4434 instrumentis
1118 4378 1229 4433 musicis
1249 4377 1329 4431 rerba
1341 4375 1417 4428 fiunt.

290 4490 309 4552 ¹)
328 4486 512 4556 ἱεροποιοὶ...
536 4486 619 4538 ἔθυον
638 4482 737 4548 θυσίας
755 4483 806 4548 τὰς
824 4483 1038 4554 πεντετηρίδας,
1057 4487 1112 4552 τὴν
1131 4481 1170 4547 είς
1188 4484 1295 4552 Δῆλον,
1314 4483 1369 4549 τήν
1389 4481 1419 4534 ἐν

187 4577 205 4594 “
291 4579 300 4593 “
329 4591 344 4626 τ.
364 4575 418 4640 τὴν
437 4577 497 4628 τῶν
516 4571 706 4640 Ἡρακλειδῶν
721 4571 752 4640 (i)
771 4572 826 4638 τήν
843 4565 992 4626 Ἐλευσῖνι.
