3280 5100
1416 319 1457 382 ol

219 530 320 593 neque
354 511 455 574 solum
479 511 516 573 ad
547 507 703 590 Apollinis
728 507 848 572 Deliaci
879 505 1042 571 sollemnia
1071 506 1177 570 choros
1207 507 1358 570 miserunt
1382 505 1458 572 Oar-

219 616 400 695 thaeensee,
428 612 482 678 sed
512 613 609 696 etiam
633 611 716 704 domi
746 629 913 692 puerorum
944 609 1142 692 virorumque
1166 609 1252 674 chori
1275 629 1293 674 a
1317 611 1460 694 choragis

219 719 420 782 ornabantur.
454 716 500 781 sio
530 717 563 780 in
587 716 680 781 titulo
704 714 826 780 saeculo
850 717 961 796 quarto
992 714 1118 778 exeunti
1142 714 1343 798 adsignando,
1368 729 1468 798 quem?
1507 739 1537 748 ·‘

221 841 320 904 nuper
342 821 441 884 edidit
471 818 627 884 Halbherr
650 819 743 894 (Mus.
767 819 835 882 ital.
859 817 891 882 di
916 817 1032 881 antich.
1057 817 1197 896 classi,
1221 818 1241 880 2
1272 837 1302 900 p.
1326 818 1388 884 207
1413 815 1471 900 sqa

221 925 242 988 l.
266 923 322 1005 48)
348 925 423 988 haec
447 923 595 1004 legimus:
619 923 719 1000 π)οιρὰ
742 923 882 1000 χορηγοῦ
903 918 908 1004 Ι
928 923 993 984 τῶν
1016 919 1145 998 ἀνδρῶν
1164 919 1170 1003 Ι
1190 913 1361 1000 Ἀρετᾶνος
1384 920 1458 1005 τὸν)

219 1027 389 1107 στέφανον
423 1025 604 1111 ὲλά)βομεν;
646 1027 693 1101 Η,
723 1026 810 1104 παρὰ
848 1027 988 1102 χορηγοῦ
1009 1023 1014 1104 l
1033 1027 1098 1086 τῶν
1135 1024 1285 1106 παίδων)
1306 1025 1460 1094 Δεξιθέου

221 1133 309 1212 τ(ὸν)
333 1130 337 1208 Ι
358 1131 523 1209 στέφανον
546 1127 764 1213 dioneae:
794 1128 836 1201 Η;
861 1126 897 1190 cf.
923 1123 991 1189 OIG
1014 1125 1109 1190 2363.

326 1232 503 1306 Minoribus
527 1250 647 1314 queque
671 1231 701 1294 in
727 1230 839 1293 insulis
863 1231 920 1292 hac
949 1230 1051 1292 aetate
1081 1227 1246 1310 choragiae
1275 1229 1462 1296 institutum
1541 1307 1545 1312 .

224 1305 905 1432 varurssssiplnenmprnmsammech
930 1331 1288 1398 of.lsoer.XV111136.
1306 1333 1378 1398 inne
1396 1334 1461 1400 verr

220 1439 328 1502 simile
351 1444 398 1502 est
430 1439 524 1502 etiam
558 1439 590 1502 in
626 1437 736 1501 ceteris
769 1435 882 1500 insulis
906 1435 1072 1500 sollemnia
1094 1435 1161 1516 illa,
1186 1453 1264 1517 quae
1287 1439 1460 1518 posteriore

221 1543 327 1606 astate
350 1541 398 1606 his
422 1543 499 1606 locis
523 1542 679 1606 celebrata
703 1559 769 1605 esse
785 1541 996 1624 cognevimus,
1015 1537 1123 1622 quinto
1141 1540 1312 1624 quartoque
1336 1542 1461 1606 saeculo
1523 1609 1527 1632 ¹

223 1645 499 1710 commissionibus
523 1646 651 1710 musicis
675 1647 785 1708 ornata
808 1643 914 1720 fuisse,
950 1644 1019 1706 dico
1054 1641 1204 1725 Dionysia
1232 1636 1336 1733 ¹I'mbri
1362 1645 1462 1712 Andri

227 1747 390 1836 NariflCei
422 1751 632 1832 Astypalaeae
660 1749 732 1812 Pari
747 1747 768 1829 ¹)
804 1747 874 1833 Syri
899 1745 1062 1828 Amorgi³)
1087 1745 1165 1810 Toni
1189 1747 1322 1828 aliisque
1352 1751 1384 1813 in
1415 1751 1462 1813 in·
1521 1741 1524 1758 ’

222 1837 507 1952 ουΙίε,))Ροσίιίοηίσ
529 1854 617 1928 leni,
642 1851 752 1934 alia³).
797 1851 830 1914 in
853 1849 964 1932 primis
988 1852 1093 1914 autem
1116 1849 1150 1914 in
1173 1849 1219 1914 eis
1243 1851 1363 1928 insulis,
1382 1871 1462 1935 quae

221 1950 337 2021 artiore
364 1951 496 2022 'Mnculo
536 1975 607 2020 eum
646 1956 778 2020 Athenis
817 1955 1009 2020 coniunctae
1031 1956 1121 2018 erant
1162 1954 1262 2018 veluti
1296 1955 1395 2021 lmbri
1429 1963 1461 2021 et

224 2061 335 2124 Lemni
373 2061 438 2125 dies
473 2060 572 2124 festos
605 2058 824 2141 Dionysiorum
848 2057 1028 2124 Atticorum
1059 2060 1149 2124 medo
1185 2058 1357 2124 celebratos
1394 2079 1461 2126 esse

223 2167 466 2228 consentaneum
500 2168 558 2227 est.
597 2163 642 2226 sio
681 2162 888 2246 Hephaestiae
924 2160 957 2224 in
993 2161 1097 2226 insula
1134 2163 1251 2228 Lemno
1288 2182 1413 2230 coronas
1444 2185 1462 2230 a
1498 2223 1502 2228 ,,
1528 2199 1543 2210 ·-

224 2267 339 2348 populo
364 2267 501 2330 decretas
524 2267 715 2330 Διονυσίων
733 2269 911 2356 τραγῳοιῐιν
934 2265 1104 2354 τῳάγῶνι
1128 2265 1203 2331 καῖ’
1203 2267 1237 2332 ἐν
1259 2272 1328 2334 τοῖς
1354 2268 1461 2335 ἄλλοις
1485 2279 1497 2326 ι
1521 2346 1525 2362 y

223 2369 349 2445 ἀγῶσιν
372 2370 431 2433 οὓς
454 2369 473 2446 ἡ
497 2369 588 2433 πόλις
612 2369 717 2445 τίθησι
740 2353 1026 2432 ιουυυίίοίοσοοσο
1050 2369 1166 2433 scimus
1185 2389 1219 2434 ex
1236 2370 1328 2434 titulo
1345 2372 1463 2436 saeculi
1485 2367 1504 2448 ⁵¹³-
1529 2355 1533 2372 ⁸

225 2471 312 2535 tertii
334 2470 416 2553 (Old
439 2473 469 2535 ll
492 2469 583 2552 592),
597 2475 603 2548 ί
617 2473 662 2534 sic
685 2471 825 2553 Myrinae
855 2473 889 2535 in
919 2470 1031 2554 oppido
1063 2471 1202 2536 eiusdem
1231 2473 1351 2538 insulae
1381 2477 1463 2539 cives

225 2575 346 2639 saeculo
370 2577 480 2656 quarto
503 2575 673 2638 decernunt
696 2575 834 2639 ἀνειπεῖν
857 2575 915 2639 τὸν
938 2576 1058 2653 κήρυκα
1081 2567 1270 2640 Διονυσίων
1292 2585 1339 2666 τῷ
1364 2578 1464 2655 ἀγῶνι
1548 2657 1551 2667 Ι

223 2682 405 2765 τραγῳδοῖς
436 2677 485 2742 ὅτι
588 2682 790 2757 στεφανοῦσι
814 2677 910 2756 (Βυίί.
935 2677 972 2741 de
995 2695 1071 2744 corr.
1094 2678 1168 2742 hell.
1194 2665 1287 2744 1885.
1313 2699 1343 2761 p.
1366 2681 1408 2746 49
1433 2687 1464 2746 et
1545 2682 1548 2690 ’

224 2783 268 2845 54
292 2801 322 2847 υ.
347 2779 379 2862 3)
405 2782 427 2862 ).
884 2839 888 2850 ,,

331 2884 369 2947 In
392 2883 523 2971 Lesbo·
538 2884 641 2967 insula
663 2884 926 2969 Mytilenaeorum
950 2901 1063 2966 magna
1080 2885 1243 2950 sollemnia
1265 2888 1462 2952 inhonorem

224 2979 438 3064 Ἀπόλλωίοῑ
450 2988 638 3053 Μολόεντος
652 2971 888 3051 οοΙοθιοίοοοσο
906 3005 941 3050 ex
957 2986 1147 3070 Thucydidis
1164 2987 1344 3054 testimonio
1359 2991 1462 3070 (1113)

333 3240 352 3303 ¹)
380 3237 412 3290 In
442 3235 544 3289 duobus
572 3236 663 3289 titulis
688 3236 776 3290 Pariis
803 3237 898 3306 quinto
926 3253 948 3289 a.
968 3235 1030 3290 Chr.
1061 3238 1164 3292 saeculo
1189 3204 1461 3292 consenescentes

224 3315 369 3392 προεδρίοί
382 3323 534 3376 decernitur
553 3322 629 3390 (Ross
648 3322 730 3376 Inser.
750 3323 818 3375 ined.
839 3323 868 3376 II
889 3327 945 3375 147.
966 3327 1042 3387 148).

332 3427 353 3494 ²)
371 3426 405 3480 In
423 3426 504 3478 titulo
531 3425 637 3478 Minoae
660 3427 742 3489 urbis,
761 3427 808 3495 qui
834 3427 980 3480 Ptolemaei
1005 3427 1057 3480 111.
1082 3427 1247 3494 temporibus
1266 3431 1386 3481 exaratus
1415 3432 1464 3495 est,

223 3528 322 3566 corona
335 3511 526 3580 pronuntiatur
546 3513 577 3564 ὲν
596 3516 638 3580 τῷ
659 3513 773 3582 θεάτρῳ
792 3518 835 3582 τῷ
856 3514 946 3579 ἀγῶνι
964 3517 1025 3566 τῶν
1044 3514 1180 3578 αὐλητῶν
1198 3520 1260 3578 τοῖς
1272 3515 1465 3583 Ἕκατομβίοις

226 3598 332 3665 (Μίίίίι.
357 3599 382 3652 d.
407 3599 433 3652 d.
457 3599 528 3652 arch.
553 3599 622 3651 Inst.
647 3599 661 3652 I
687 3605 755 3665 337),
786 3602 878 3652 eadem
898 3603 987 3654 aetate
1006 3599 1193 3667 agonothetae,
1213 3600 1333 3669 choragi,
1352 3603 1463 3669 ἀγῶνες

1217 3673 1224 3680 a

223 3686 369 3750 θεατρικοὶ
388 3687 630 3755 commemorantur
645 3685 673 3737 in
695 3687 776 3738 titulo
794 3687 949 3754 Aegialensi
965 3688 994 3755 (l.
1014 3702 1035 3740 c.
1054 3703 1080 3754 p.
1092 3690 1142 3739 339
1162 3702 1189 3740 n.
1201 3691 1228 3756 8)

336 3786 356 3850 ³)
377 3785 511 3853 Congesta
530 3790 594 3840 sunt
612 3789 742 3841 nonnulla
760 3789 791 3840 de
810 3790 960 3844 insularum
979 3790 1157 3844 sollemnibus
1175 3791 1208 3844 ab
1228 3791 1256 3846 C.
1271 3793 1299 3846 F.
1313 3792 1464 3848 Hermanno

225 3870 350 3926 Gottesd.
378 3871 490 3926 Altert.²
515 3873 530 3940 ᾖ
555 3879 596 3939 65,
620 3889 688 3942 quae
711 3874 833 3929 collectio
858 3877 938 3930 hodie
964 3878 1071 3946 quidem
1099 3877 1173 3930 nullo
1200 3878 1280 3932 mode
1308 3879 1465 3934 satisfacere

227 3960 325 4026 potest,
343 3973 430 4026 neque
449 3958 478 4010 in
497 3959 545 4024 eis,
563 3958 630 4027 quae
647 3959 813 4025 adferuntur,
839 3964 925 4016 ullum
949 3967 1098 4032 temporum
1125 3963 1265 4017 discrimen
1290 3965 1392 4019 factum
1416 3969 1466 4024 est.

334 4063 356 4132 ⁴)
376 4063 409 4118 In
428 4062 515 4117 Thaso
534 4064 587 4117 iam
605 4063 775 4134 Hippocratis
793 4066 961 4134 temporibus
986 4067 1126 4122 theatrum
1144 4068 1264 4122 extitisse
1287 4068 1381 4124 dicunt
1404 4071 1466 4124 coll.

227 4149 383 4219 Hippocrat.
408 4149 484 4219 Epist.
510 4151 525 4204 Ι
550 4155 583 4216 23
608 4151 641 4204 ef.
665 4155 755 4206 antem
781 4152 911 4206 Wieseler
934 4154 952 4207 1.
979 4171 1000 4208 c.
1020 4171 1044 4222 p.
1067 4159 1114 4210 195
1134 4155 1194 4207 adn.
1216 4159 1256 4208 70.
1276 4154 1305 4208 in
1331 4156 1414 4210 titulo
1438 4157 1467 4209 in

226 4237 317 4288 insula
335 4234 466 4304 Calymne
484 4241 589 4306 reperto
608 4238 734 4291 laudatur
753 4241 923 4294 Aratocritus
942 4241 1065 4308 quidam,
1095 4240 1165 4308 quod
1190 4240 1341 4294 aedificium
1365 4245 1468 4296 extruc-

227 4327 320 4375 turum
339 4339 366 4375 se
385 4323 539 4390 promiserit
558 4327 636 4388 ὅπως
655 4328 700 4378 τοὶ
720 4328 838 4394 neyraco)
863 4330 918 4394 κ)αί
937 4329 1045 4395 χορικοί
1064 4327 1174 4392 ἀγῶνες
1193 4331 1388 4384 συντελῶνται
1406 4335 1468 4392 τοῖς

224 4425 260 4463 τε
279 4412 355 4472 θεοῖς
372 4411 419 4462 καί
437 4415 499 4472 τοῖς
517 4409 681 4479 εὐεργέταις
700 4411 824 4476 (Neston
843 4413 928 4467 Inscr.
948 4413 984 4466 of.
1004 4413 1051 4465 the
1069 4413 1138 4465 Brit.
1158 4413 1228 4466 Mos.
1254 4413 1284 4468 II
1309 4413 1468 4482 CCXXXI).

227 4494 274 4546 sed
304 4497 364 4548 nole
394 4495 438 4548 hic
468 4497 560 4550 omnia
587 4499 644 4550 eius
671 4499 776 4566 generis
804 4499 968 4562 testimonia,
996 4513 1062 4566 quae
1089 4497 1122 4552 ad
1150 4500 1324 4565 posteriorem
1347 4501 1465 4552 aetutem

225 4582 359 4647 spectant,
381 4597 527 4648 congerere.

1331 4687 1366 4740 ὁὶ·
