3280 5100
177 355 240 420 104

278 541 446 608 κιθαρωιδὸς
465 538 645 608 Τοροννίας“)
669 540 854 606 Αὐτομήδοος
875 541 1011 606 Θηβαῖος,

364 623 506 693 χορευταί·

280 715 381 768 Ξένων
401 713 506 780 Δώρου
527 713 659 778 Θηβαῖος,

282 798 446 864 Θεογείτων
469 797 624 864 Κλειμήδου
644 799 777 868 Θηβαῖος,

284 886 402 952 ἡγεμὼν
422 889 489 946 παῖς
508 883 650 952 Ἀρίστων
670 884 851 952 Στράτωνος,

280 973 399 1037 ἡγεμὼν
419 972 535 1039 ἀνδρων
554 969 719 1038 Τοραννίας,

304 1108 309 1117 ,
366 1056 509 1124 χορευταί·
563 1089 564 1092 =

276 1139 463 1210 Ἀ’,θηνοκλῆς
481 1143 656 1206 Ξενοκλέους
675 1145 807 1210 Θηβαῖος,

281 1231 436 1297 Εὐ)μημων
450 1229 620 1294 Τιμοκλέους
640 1231 773 1295 Θηβαίας.

280 1319 440 1386 κ)ωμωιδδς
458 1317 594 1379 Ἀπολλᾶς
607 1315 760 1380 Φενεάτης,

366 1403 588 1476 συναγωνισταί

281 1492 425 1559 Σλωτέλης
444 1489 607 1558 Θεοκρίτου,

364 1579 497 1644 χορευταί
516 1576 678 1640 κωμωιδοῦ·

280 1663 434 1730 Ξ)ενόλαος
452 1661 648 1728 Σωσικράτεος
666 1660 844 1722 Ὀπούντιος,

236 1811 240 1818 ,
281 1748 421 1814 Μλύρτων
443 1745 613 1812 Μηνοφίλου
634 1747 766 1811 Θηβαῖος,

280 1832 507 1902 Ἀριστοκλείδας
525 1833 657 1900 Θηβαῖος,

282 1919 468 1986 Μενεκράτης
486 1919 644 1985 Σωπάτρου
664 1919 796 1982 Θηβαῖος.

280 2023 376 2088 Ιοίλίο
400 2022 487 2086 tituli
511 2023 664 2102 scriptum
687 2021 783 2084 fuisse
812 2021 937 2086 ridetur
972 2023 1108 2087 artifices
1139 2023 1342 2105 Dionysiacos
1374 2025 1413 2087 ad

179 2128 361 2194 celebranda
384 2125 556 2189 certamina
577 2125 726 2188 inritatos
750 2142 816 2188 esse
842 2127 1125 2206 (καταγωνίξεσθαι
1220 2132 1413 2205 παρακαλεί-

179 2232 341 2310 μένοις)α
325 2229 503 2294 etmisisse
525 2227 676 2302 homines
701 2227 753 2308 qui
777 2228 906 2306 torpedo
929 2227 1018 2292 ludos
1042 2226 1213 2307 ederentl.)
1249 2247 1326 2309 quac
1349 2230 1413 2292 sol-

132 2331 295 2398 lemnia
311 2332 376 2396 sine
393 2330 488 2394 dubio
511 2349 539 2394 v.
554 2332 573 2394 3
597 2329 777 2412 significata
798 2349 856 2394 surr
860 2331 991 2395 trerbis
1012 2335 1198 2410 χειμερινοῖς
1214 2333 1415 2410 {meppiam

181 2435 310 2518 Delphis
333 2436 415 2498 enim
439 2433 521 2498 cives
550 2435 636 2515 praet
638 2451 670 2496 er
581 2450 808 2535 &magna
824 2432 880 2496 illa
903 2431 957 2496 Sot
960 2412 1416 2500 eriffili'r‘n'n‘ver's'rs‘draecis

95 2472 141 2593 Ι
181 2539 227 2604 cel
200 2527 374 2604 ebralat
362 2526 499 2634 tempore
522 2508 693 2601 hiberno
677 2535 800 2600 minora
824 2537 976 2621 quaedam
999 2537 1163 2602 sollemnia
1186 2537 1285 2621 egisse
1304 2538 1413 2602 viden-

91 2641 94 2647 ’
102 2600 140 2717 i
176 2641 274 2737 λαιί).
293 2640 385 2706 aetas
407 2639 496 2704 ttulr
509 2641 642 2722 quodam
658 2638 748 2703 modo
764 2637 887 2704 defimrr
903 2640 957 2720 po
959 2640 1015 2719 es
1029 2639 1212 2704 siPolitam
1228 2640 1415 2719 Asandrif„

31 2764 34 2772 ·
139 2744 143 2813 ’.
179 2749 233 2832 qui
255 2747 306 2812 hic
329 2748 599 2823 commemoratur,
634 2749 815 2826 componere
842 2745 917 2808 licet
947 2764 1018 2810 oum
1047 2745 1172 2810 homine
1195 2744 1335 2809 eiusdem
1358 2762 1414 2808 no-

115 2913 118 2918 ,
153 2851 289 2929 'minis
314 2851 402 2914 cuius
425 2849 610 2914 memoriam
633 2849 768 2912 serravit
800 2848 911 2912 titulus
936 2847 1104 2930 Delphicus
1130 2847 1181 2931 (cf.
1206 2846 1353 2912 Wescher
1383 2853 1414 2912 et

182 2955 316 3019 Foucart
349 2955 371 3018 l.
396 2971 423 3017 c.
447 2952 510 3016 234
525 2971 557 3036 a,
595 2950 1031 3035 DittenbergerSyll.461):
1067 2953 1226 3032 ἄρχοντος
1254 2951 1416 3031 ’neocaes

179 3062 237 3123 τοῦ
256 3055 460 3138 Ἀβρομάχου
484 3057 585 3136 μηνὸς
607 3043 734 3133 Ἰλαίου,
770 3057 821 3120 ἐπί
849 3059 961 3120 τοῖσδε
991 3055 1132 3120 ἀπέδοτο
1162 3056 1339 3121 Διονύσιος
1364 3057 1415 3119 καὶ

179 3161 320 3226 Πολίτας
337 3162 367 3224 οἱ
383 3155 566 3240 Ἀσάνδροο
582 3167 628 3245 τῷ
642 3159 819 3224 Ἀπόλλωνι
838 3166 884 3243 τῷ
901 3160 1013 3243 Πυθίῳ
1031 3165 1125 3239 σῶμα
1141 3159 1289 3239 ἀνδρεῖον
1305 3179 1331 3224 e.
1346 3178 1374 3240 q.
1389 3177 1413 3223 s

183 3261 380 3328 Athambum
412 3263 495 3326 enim
528 3263 738 3327 Habr'omachi
773 3261 875 3326 filium
904 3264 1088 3328 archontem
1118 3263 1213 3327 luisse
1236 3264 1352 3328 scimus
1377 3280 1415 3326 eo

182 3371 332 3448 tempore,
355 3383 413 3447 quo
439 3369 593 3448 Amyntas
618 3369 648 3430 et
672 3367 866 3432 Andronicus
891 3369 1068 3432 sacerdotes
1092 3366 1246 3448 Apollinis
1270 3365 1416 3446 fuerunt,

181 3528 384 3540 ....-—..-·—-.--.

286 3617 304 3682 ¹)
324 3615 397 3668 Idem
418 3616 475 3668 sine
494 3615 575 3668 dnbio
596 3615 681 3680 homo,
695 3615 742 3682 qui
762 3631 784 3667 r.
801 3619 830 3666 11
850 3615 968 3681 ἡγεμὼν
988 3614 1103 3681 ἀνδρῶν
1121 3613 1281 3682 Τοραννίας
1300 3613 1416 3674 dicitur3

181 3701 215 3756 cf.
234 3703 262 3754 in
283 3701 426 3769 appendice
445 3701 521 3754 tituli
539 3701 577 3758 11.
598 3717 639 3753 νν.
662 3706 691 3754 lt
711 3715 749 3769 sq.
770 3703 797 3754 et
816 3707 847 3754 31
867 3717 906 3769 sq.

283 3808 301 3872 ²)
323 3803 368 3860 Ita
385 3807 420 3860 τὸ
439 3807 534 3860 κοινὸν
553 3811 613 3859 τῶν
632 3809 696 3876 περί
714 3807 767 3860 τὸν
785 3806 930 3859 Διόνυσον
949 3809 1090 3871 τεχνιτῶν
1108 3808 1168 3857 τῶν
1196 3804 1226 3856 ἐν
1250 3801 1342 3871 Ἰωνίᾳ
1368 3803 1415 3854 καί

180 3893 383 3960 Ἑλλησπόντῳ
403 3890 556 3944 Iasensibus
575 3891 663 3944 mittit
682 3891 808 3958 αὐλητὰς
827 3892 886 3954 δύο,
906 3892 1075 3959 τραγῳδοὺς
1094 3891 1154 3952 δύο,
1174 3889 1333 3956 κωμῳδοὺς
1353 3887 1414 3950 δύο,

180 3972 350 4046 κιθαρίρδόν,
370 3976 546 4044 κιθαριστήν,
564 3978 642 4039 ὅπως
661 3977 825 4041 σονάγωσιν
845 3982 887 4045 τῷ
907 3979 963 4045 θεῷ
983 3981 1051 4040 τους
1070 3977 1173 4044 χοροὺς
1192 3976 1265 4028 κατὰ
1286 3975 1338 4038 τάς
1363 3990 1416 4026 πα·

179 4063 276 4132 τρλους
294 4065 393 4117 αὐτῶν
412 4063 573 4130 διαγραφὰς
592 4063 640 4127 (Le
659 4063 712 4116 Bas
732 4064 776 4116 As.
796 4064 860 4116 min.
881 4067 930 4116 281
951 4069 1021 4117 v.15
1040 4079 1087 4132 sq.,
1113 4062 1215 4114 Lilders
1237 4061 1254 4114 l.
1278 4077 1299 4114 c.
1323 4077 1347 4129 p.
1367 4064 1414 4112 181

170 4167 206 4202 ιι.
225 4151 282 4218 91);
307 4149 341 4205 cf.
361 4147 461 4206 toda-s
479 4149 497 4201 l.
516 4165 538 4202 ο.
556 4166 582 4218 ρ.
601 4153 634 4202 87
654 4165 692 4218 sq.

284 4253 303 4319 ³)
322 4253 398 4307 Inter
415 4253 510 4315 varias,
524 4268 590 4320 quae
609 4254 755 4322 excogitari
769 4256 889 4322 possunt,
903 4252 1070 4307 coniecturas
1089 4254 1153 4306 lraee
1172 4251 1240 4306 milri
1258 4251 1314 4304 veri
1327 4249 1415 4302 simil-

180 4340 245 4394 lima
258 4339 373 4396 ridetur.
392 4355 490 4406 magna
503 4339 574 4392 enim
586 4339 635 4393 illa
646 4339 751 4392 Soteris
764 4340 846 4392 etiam
859 4355 889 4392 ea
903 4343 990 4393 aetate
1009 4339 1108 4394 maiore
1123 4355 1182 4393 cum
1196 4336 1336 4407 splendore
1354 4340 1416 4389 acta

133 4427 138 4498 ’ἵ
178 4443 236 4482 csse
256 4427 421 4480 demonstrat
440 4425 538 4479 titulus
564 4426 642 4480 Teius
662 4425 723 4481 Oli}
743 4431 819 4490 3067,
838 4441 869 4478 ex
886 4441 938 4494 quo
958 4426 1041 4480 altero
1060 4441 1163 4496 quoque
1182 4441 1205 4478 a.
1226 4423 1288 4478 Chr.
1309 4422 1416 4477 saeculo

180 4511 299 4568 artifices
315 4513 490 4582 Dionysiacos
509 4529 539 4566 ex
552 4514 617 4566 Asia
630 4512 664 4565 ad
677 4511 783 4566 Soteris
802 4512 906 4581 agenda
923 4513 1058 4582 profectos
1076 4528 1131 4566 esse
1149 4512 1255 4566 scimus.
1279 4511 1313 4564 ad
1332 4525 1416 4563 enun-

179 4599 282 4654 tiatum
308 4600 452 4668 χειμερινὰ
470 4600 603 4668 Σωτήρια
622 4598 656 4651 cl.
677 4599 769 4664 Νέμεα
795 4600 830 4653 τὰ
854 4600 996 4667 χειμερινὰ
1023 4598 1101 4654 Paus.
1120 4597 1150 4652 II
1171 4603 1209 4663 15,
1228 4603 1252 4662 3,
1273 4596 1310 4650 VI
1331 4601 1370 4661 16,
1390 4600 1416 4649 4,
